2728 4636
533 289 703 334 Auxoume
721 284 847 332 ommes..

409 790 719 860 nouornrro
748 790 977 859 sermon.
1007 886 1010 891 Ι

164 1012 289 1069 Lucisui
294 1009 502 1067 samosatensis
508 1029 595 1082 opera
600 1029 686 1083 quum
703 1012 762 1067 cori
770 1012 885 1082 poterit.
899 1012 1014 1067 Interim
1024 1011 1053 1068 in
1063 1001 1143 1070 tante
1152 1017 1243 1071 omnis
1347 1028 1349 1033 '

139 1100 159 1138 a
177 1088 307 1163 typogra
320 1080 365 1161 ¹ho
383 1081 550 1135 Florentino
574 1098 599 1135 a.
618 1080 686 1134 1496
703 1081 816 1150 generis
841 1081 972 1135 vitiorum
998 1087 1027 1135 et
1046 1082 1244 1163 interpolatio·
1348 1080 1350 1131 7

162 1167 264 1204 nmum
281 1165 297 1203 e
328 1154 358 1202 ta
372 1153 401 1203 et
414 1149 452 1203 ab
466 1147 542 1203 Aldo
557 1149 685 1203 Manutio
702 1164 778 1216 num,
785 1149 1014 1220 quibusLuciani
1024 1166 1114 1204 sermo
1124 1168 1154 1203 ιιι
1163 1151 1244 1205 libris

168 1217 272 1274 enetiis
286 1232 311 1271 a.
321 1216 389 1270 1503
399 1216 504 1274 et1522
521 1218 625 1272 iterata
643 1234 684 1272 es·
704 1216 877 1272 deformatus
900 1222 958 1286 est,
984 1218 1162 1272 multitudine
1185 1237 1245 1275 non

140 1291 208 1341 sent
231 1303 265 1339 ex
289 1285 436 1339 codicibus
458 1285 534 1339 omni
555 1285 686 1339 vitiorum
703 1283 815 1339 difficile
833 1285 888 1338 fuit
906 1286 1081 1355 corruptelas
1098 1287 1243 1357 plurimos,

162 1369 248 1409 enere
269 1352 437 1423 inquinetis,
462 1353 519 1409 hae
546 1353 685 1409 editiones
703 1354 787 1407 modo
797 1353 964 1407 manifestas
980 1353 1064 1407 modo
1074 1355 1245 1408 reconditio·

140 1373 350 1477 feribusfaotis
364 1420 567 1477 mutationibus
583 1421 685 1479 codici·
702 1437 762 1489 res,
793 1422 976 1501 conjecturae
1006 1439 1060 1492 ope
1094 1424 1244 1493 corrigere.

140 1489 197 1545 bus
217 1504 254 1544 ue
277 1489 324 1543 vix
345 1490 412 1544 ullis
424 1490 528 1563 obiter
549 1489 685 1560 inspectis
703 1488 812 1543 Horum
828 1489 959 1543 utiorum
978 1506 1031 1560 ego
1052 1508 1164 1562 quoquc
1182 1508 1246 1560 par·

140 1575 194 1629 per
227 1563 347 1611 ucentos
361 1558 421 1612 fere
437 1562 466 1611 et
479 1558 686 1629 quinquaginta
703 1562 760 1611 tem
774 1557 898 1628 aliquam
912 1565 979 1612 ante
992 1559 1096 1613 multos
1111 1576 1201 1623 annos
1215 1560 1247 1614 in

142 1644 234 1682 annos
253 1626 373 1679 aliarum
390 1626 572 1695 plurimarum
586 1626 685 1680 funda·
703 1627 830 1695 margine
845 1630 924 1680 exem
945 1626 1013 1681 laris
1028 1628 1246 1682 emendaveram

142 1699 268 1750 mentum
289 1692 418 1764 fuerunt,
441 1695 533 1749 donec
554 1694 685 1749 Tiberius
724 1711 760 1747 uo
784 1694 907 1748 editores
956 1693 1051 1749 uoiani
1073 1696 1196 1749 Parisini
1219 1712 1247 1750 a.
1306 1716 1308 1719 ·

142 1762 377 1818 Hemsterbusius
408 1769 561 1832 apparatus
597 1760 686 1816 critici
704 1711 917 1817 interereunt.
945 1762 1012 1817 Alia
1024 1768 1246 1832 posteaeontu·
1296 1784 1299 1789 ·

164 1831 242 1886 aullo
262 1830 407 1900 amplioris
426 1831 580 1901 colligendi
595 1830 685 1884 oonsi—
703 1831 797 1883 lerunt
814 1830 1050 1895 immssekkerus
1073 1832 1102 1884 in
1121 1832 1246 1886 editione

141 1849 211 1954 iium
221 1904 345 1968 caperet.
372 1898 427 1964 Qui
438 1915 523 1969 quum
535 1904 603 1980 post
616 1898 686 1952 mul·
704 1897 845 1968 Lipsiensi
859 1915 883 1952 a.
894 1899 979 1966 1853,
990 1897 1020 1951 O.
1032 1899 1066 1953 G.
1078 1897 1202 1954 Cobetus
1216 1900 1247 1954 in

135 1972 190 2025 ros
204 1983 295 2021 annos
308 1966 355 2019 rix
369 1973 476 2021 sextam
490 1973 576 2020 totius
592 1984 609 2019 o
632 1967 686 2021 eris
703 1965 1024 2023 VarierumLectionum
1034 1966 1107 2020 libro
1113 1967 1248 2047 Lugduni

142 2040 253 2106 partem
268 2034 452 2102 absolvisset,
466 2034 594 2090 Jacobus
648 2040 685 2089 et
704 2035 876 2089 Batavorum
895 2033 972 2089 edito
990 2051 1018 2088 a.
1036 2034 1115 2100 1854,
1139 2037 1246 2105 aliique

146 2102 263 2170 stenius,
273 2102 434 2172 bibliopola
443 2101 686 2157 Amstelodamen·
705 2103 756 2156 viri
773 2102 858 2157 docti.
882 2103 1007 2167 Quarum
1017 2103 1247 2157 emendationum

145 2171 194 2238 sis,
202 2187 298 2224 morae
308 2170 458 2240 impatiens
467 2171 686 2236 J.F.Reitzium,
704 2171 779 2225 infra
787 2170 870 2240 posui
880 2170 1043 2240 specimina,
1053 2170 1248 2231 inPraefatio-

145 2239 288 2293 hominem
307 2238 430 2308 siquem
448 2240 534 2294 alium
554 2245 686 2309 suscepto
705 2240 789 2294 nibus
807 2238 958 2294 voluminis
977 2239 1095 2293 secundi
1118 2256 1152 2293 ac
1169 2239 1248 2293 tertii

144 2324 181 2360 ne
205 2306 262 2360 otio
292 2306 329 2358 im
351 2323 440 2376 arem,
472 2307 687 2361 Hemsterhusio
706 2307 908 2375 continuanda,
924 2323 1011 2377 quum
1025 2307 1118 2361 omnia
1133 2307 1247 2377 singulo

146 2393 161 2428 s
204 2374 260 2427 ecit
273 2375 321 2428 a.1
339 2374 381 2428 43.
408 2374 480 2429 Post
493 2392 576 2445 quem
590 2392 688 2429 rursus
705 2376 840 2445 persequi
868 2374 1060 2429 commentarii
1086 2375 1182 2444 potius
1210 2375 1247 2429 sit

147 2440 217 2497 anni
238 2458 325 2511 propo
348 2442 556 2514 quinquaginta
576 2444 688 2498 effluxo·
706 2461 790 2515 quam
818 2443 992 2498 testationis.
1010 2443 1248 2498 Emendationum

146 2515 215 2565 runt
233 2511 389 2579 usquedum
410 2510 550 2580 interpres
568 2511 689 2565 Luciani
707 2529 778 2582 quas
797 2462 925 2566 debetne
941 2511 1091 2582 proposuit
1108 2511 1247 2580 plurimae

146 2577 290 2648 Gallicus,
308 2578 391 2632 Belin
410 2579 445 2632 de
463 2580 561 2645 Ballu,
581 2580 688 2633 a.1788
707 2585 801 2634 certae
819 2583 885 2632 sunt
902 2584 931 2632 et
948 2586 1028 2633 extra
1041 2578 1249 2636 dubitationem

147 2646 276 2702 codicum
299 2647 478 2717 quorundam
495 2647 688 2701 Parisinorum
706 2648 827 2717 positae,
837 2647 909 2701 elias
923 2663 981 2700 non
995 2662 1103 2714 paucas
1118 2647 1179 2700 solo
1190 2648 1246 2699 ele·

144 2721 175 2770 et
184 2715 365 2769 meliorumet
372 2714 542 2769 deteriorum
551 2715 688 2769 lectiones
706 2714 821 2785 gantiae
836 2714 958 2783 quodam
977 2730 1062 2768 sensu
1081 2714 1182 2769 ductus
1200 2715 1248 2769 vel

145 2787 320 2853 excerperet.
355 2782 450 2852 Hujus
469 2783 627 2853 exemplum
643 2800 688 2836 us·
707 2783 877 2852 comparatis
888 2781 1026 2836 similibus
1039 2786 1165 2836 veterum
1181 2782 1248 2836 sori·

145 2868 202 2925 que
224 2852 262 2905 ad
284 2856 383 2905 nostra
405 2857 534 2932 tempora
557 2852 606 2906 alii
624 2857 690 2906 suut
706 2859 819 2921 ptorum
826 2850 984 2904 Atticorum
999 2850 1070 2904 locis
1084 2850 1163 2925 fecit,
1176 2868 1247 2921 quas

145 2919 251 2987 secuti,
266 2918 414 2973 codicibus
428 2920 583 2989 quibusvis,
597 2924 629 2972 ut
643 2936 688 2974 ca·
706 2937 742 2976 ne
760 2919 852 2989 ipsum
869 2919 985 2989 quidem
1003 2935 1037 2973 co
1058 2936 1156 2973 omnes
1180 2936 1248 2973 con-

143 3005 195 3041 sus
218 2993 247 3042 et
272 2986 388 3041 fortuna
414 2986 538 3057 ferebat,
566 2988 687 3056 collatis,
707 2988 770 3042 silio
780 2986 965 3056 proposuisse
975 2988 1098 3041 arbitror
1111 2993 1143 3041 ut
1152 2987 1248 3041 verbis

144 3057 221 3110 unde
236 3056 330 3126 ampla
343 3055 491 3125 paullatim
505 3054 629 3110 accrevit
646 3073 688 3110 re·
707 3055 853 3125 scriptoris
875 3055 913 3110 ab
931 3055 1088 3110 editoribus
1110 3055 1249 3109 inferren-

144 3141 207 3178 rum
221 3128 457 3203 magnaexparte
470 3123 609 3177 inutilium
624 3139 688 3178 con·
706 3130 764 3188 tur,
783 3123 834 3177 sed
851 3129 884 3176 ut
902 3123 1108 3178 dubitationem
1127 3124 1162 3178 de
1182 3125 1248 3176 sori·

145 3192 249 3262 geries,
268 3192 408 3260 neglectrs
422 3196 501 3259 vero,
521 3193 545 3245 si
559 3209 577 3246 a
589 3192 688 3261 paucis
706 3198 806 3261 pturae
824 3190 943 3246 veritate
960 3197 1087 3246 moveret
1102 3189 1151 3244 ubi
1168 3191 1250 3244 dubi-

147 3260 320 3331 quibusdam
333 3259 413 3313 libris
428 3259 602 3326 discesseris,
615 3259 690 3314 inter
705 3258 786 3313 tandi
799 3259 871 3314 ratio
882 3275 941 3313 non
954 3259 1149 3329 improbabilis
1158 3264 1248 3312 esset:
1261 3293 1267 3307 .

168 3324 221 3381 ube
232 3326 590 3382 eminentVindobonensis
601 3328 651 3381 123
661 3334 690 3382 et
707 3327 736 3381 in
746 3345 799 3398 quo
809 3326 1015 3398 nihilestquod
1025 3327 1087 3398 quis
1097 3325 1249 3395 reprehen-
1300 3328 1306 3337 ’

147 3346 334 3462 diorlicensis,
350 3396 496 3451 codicibus
507 3402 536 3451 et
548 3396 688 3466 antiquio·
707 3397 764 3451 dat
792 3394 848 3462 Sic,
859 3401 891 3449 ut
899 3396 1028 3465 exemplo
1038 3398 1103 3447 utar
1115 3394 1196 3461 cujus
1210 3395 1249 3447 sd

146 3464 227 3518 ribus
239 3470 267 3518 et
276 3463 449 3532 melioribus,
463 3466 500 3519 ad
515 3481 587 3535 quos
596 3465 689 3518 minus
706 3461 1249 3532 normamleotoresipsialiahujusmodi

146 3531 242 3586 facilis
266 3532 360 3585 aditus
378 3536 452 3596 erat,
476 3534 575 3602 quales
593 3533 688 3602 plures
708 3532 821 3602 exigere
829 3537 972 3601 poterunt,
985 3529 1078 3593 XVII,
1087 3529 1112 3582 3.
1122 3544 1208 3650 quum
1217 3529 1248 3584 in

147 3605 301 3670 supersunt
317 3599 443 3652 nondum
456 3599 485 3653 in
498 3617 580 3654 usum
597 3600 688 3669 publi·
707 3600 788 3654 libris
798 3599 933 3668 scriptum
943 3599 989 3666 sit,
1008 3595 1109 3651 δεῖπνα
1141 3604 1249 3651 canonic

148 3684 213 3723 cum
222 3668 328 3722 collati
339 3666 423 3732 Quod
432 3666 689 3737 siquandofactum
707 3665 842 3733 πολυτελῆ
855 3672 901 3719 καὶ
914 3664 1065 3733 ἀσύμβολα,
1080 3664 1205 3720 Cobetus
1219 3683 1248 3735 p.

147 3735 335 3806 codicumque
345 3734 501 3803 meliorum,
517 3753 602 3807 saepe
615 3736 690 3790 inter
706 3736 764 3789 239.
778 3736 835 3789 hoc
848 3741 1008 3820 poetarum,
1027 3733 1075 3803 qui
1089 3732 1248 3816 ἀσύμβολον

147 3821 180 3859 se
208 3802 446 3859 consentientium
469 3820 554 3871 saepe
581 3805 688 3858 dlssen·
706 3804 838 3865 κώθωνα,
848 3801 1009 3870 ασύμβολον
1019 3808 1095 3875 χεῖρα
1104 3808 1133 3857 et
1146 3802 1248 3856 similis

146 3873 286 3939 tientium,
304 3871 459 3926 auctoritas
473 3872 632 3926 accuratius
644 3889 688 3926 ex·
707 3870 845 3938 dixerint,
881 3870 975 3937 potius
1011 3887 1074 3926 esse
1105 3870 1247 3939 judicavit

147 3941 263 4011 plorata
280 3939 378 4005 fuerit,
401 3939 540 3994 derebus
561 3939 688 4009 plurimis
706 3931 1248 4009 quamLuciani,quemaoivrciiycicvp·

148 4010 254 4065 rectius
264 4010 425 4079 certiusque
435 4023 603 4080 quamcunc
614 4006 688 4075 judi·
704 4006 806 4077 βόλους
823 4005 971 4082 scripsisse
992 4008 1094 4076 videri,
1114 4004 1247 4078 quemad·
