2722 4646
620 98 630 107 a
649 72 654 99 l

463 284 632 326 Annorsnlo
652 282 776 326 emulos.
1090 283 1177 332 XVII

60 397 182 466 LXIX,
196 396 240 450 20.
252 396 373 461 ἐσθῆτας
389 399 448 448 τῶν
458 393 620 481 μαλθακῶν
636 393 731 478 ἀξωύν
742 392 837 466 λέγειν.
858 394 949 449 Porro
959 396 1047 450 verba
1058 396 1178 452 ἀποστε·

63 472 220 538 ἐπρίαντο.
247 462 368 525 LXVIn
377 461 402 530 5,
411 462 437 516 4.
456 483 545 532 ορμον
557 484 619 515 τινα
636 482 706 533 ρουν
730 483 765 531 με
790 465 849 514 τών
872 471 1109 550 ουγγεγενμμρμωρ
1129 488 1178 534 μθ,
1216 501 1217 504 ,

25 538 27 553 '
61 537 176 587 -τσῖεν
195 530 356 586 πολυτελών
373 537 419 583 καὶ
436 529 543 587 ἀθόνατ
560 535 619 583 τῶν
636 537 666 584 et
679 536 725 582 καὶ
735 531 989 601 συντεθραμμένων
995 554 1177 607 γραμματων,

62 601 202 665 λεπτῶν,
228 615 303 680 quae
326 601 454 668 exempla
471 599 545 652 inter
562 599 618 653 alia
635 614 709 719 quae
728 602 806 651 arcte
827 600 981 666 conjuncta
1004 618 1067 656 esse
1090 602 1177 657 mani·

65 672 255 738 comparavit
294 664 550 720 Sommerbrodtius
588 666 617 720 in
649 672 738 718 cstum
757 670 847 719 estet
865 665 1096 722 Hemsterhusius
1115 670 1174 723 ani-

25 770 26 807 ι
64 736 172 792 Jahnii
183 733 336 789 annalibus
347 734 555 814 vol.71.p.718.
606 734 798 801 madverte,
820 733 944 788 nbsurdc
962 738 1092 805 sejuncta
1111 744 1179 793 sunt

25 810 26 865 l
97 805 146 865 IV
171 803 199 856 4
218 801 250 856 τὸ
267 800 370 871 λάβδα]
394 802 475 856 Libri
488 803 534 856 vel
551 800 584 855 τὸ
602 802 618 856 λ
634 803 709 855 inter
729 801 802 855 osito
830 803 983 869 συνήθειαν
1009 803 1098 875 ᾤμην,
1122 823 1176 861 nec

25 884 26 929 ξ
63 844 161 927 volvi
171 868 294 941 λα’μβθα,
304 869 615 925 formsvcteribusnon
633 819 727 938 priori
735 868 801 923 huic
815 869 972 923 sententiae
986 874 1059 940 parti
1075 891 1176 929 convc-

25 984 26 1015 ,
63 940 165 994 minus
188 939 318 992 inaudita
339 951 425 1005 quam
446 937 616 1006 Λάμβθακοε
633 938 715 991 niunt
723 938 772 991 ubi
781 939 817 990 de
826 937 952 1006 peccatis
962 941 1175 994 excusabilibus

25 1020 26 1047 l
63 1014 94 1062 et
102 1007 255 1078 λήμμομαι
268 1021 321 1075 pro
330 1003 481 1073 Λάβδακος
490 1013 519 1060 et
531 1006 615 1078 λήιμε·
633 1006 740 1074 agitur,
760 1007 811 1059 sed
829 1006 866 1059 ad
883 1012 1027 1075 postrema
1045 1015 1177 1077 spectant

25 1062 27 1157 l
84 1097 126 1138 αι,
139 1082 171 1127 et
181 1089 255 1144 quae
266 1078 331 1126 sunt
340 1073 396 1126 alia
406 1073 568 1141 hujusmodi
578 1075 614 1127 ab
634 1073 750 1127 crimina
758 1072 972 1141 inexcusabilis,
983 1090 1101 1144 quorum
1112 1094 1175 1145 gra·

61 1098 198 1196 librariis
215 1158 274 1195 non
295 1156 360 1195 raro
383 1141 476 1195 illata:
505 1142 539 1196 de
558 1159 614 1211 quo
633 1141 775 1194 vissimum
797 1148 842 1194 est
861 1141 1004 1210 βασιλειτα
1022 1157 1074 1211 pro
1097 1151 1175 1211 βασί-

62 1211 144 1264 dixit
166 1208 203 1262 L.
221 1207 386 1265 Dindorfius
413 1209 443 1262 in
466 1209 614 1263 Thesauro
632 1208 710 1263 λισσα
723 1210 837 1262 dictum.
864 1210 995 1290 Denique
1009 1213 1098 1265 verba
1117 1211 1174 1265 ἴδια
1269 1257 1272 1262 .
1334 1218 1335 1223 ’

60 1278 127 1331 vol.
137 1276 164 1330 5.
179 1294 206 1345 p.
218 1276 241 1328 1.
259 1275 462 1347 Κολαμπτῆρασ
475 1278 547 1330 adeo
562 1294 613 1346 pro
632 1283 712 1330 ταυτὶ
730 1276 817 1350 λέγειν
830 1277 902 1330 nihil
916 1278 994 1331 allud
1009 1286 1075 1332 sunt
1109 1297 1174 1333 uam

61 1345 246 1415 κολαπτῆρας
263 1344 287 1414 Ι,
301 1345 342 1397 13.
360 1344 426 1399 Vat.
439 1345 481 1398 87.
496 1350 525 1399 et
543 1345 614 1400 Gor·
633 1347 775 1413 glossema
792 1343 849 1398 ἴδια
870 1346 950 1400 ταυτί
972 1346 1053 1419 λίγον
1075 1297 1112 1400 ἀλ
1137 1348 1173 1400 τὰ

63 1412 199 1466 licensis.
301 1410 326 1432 ⁸
633 1413 714 1482 ὅμοια
724 1414 921 1481 ἐπισπώμενον
931 1415 1110 1485 adscriptum.
1128 1415 1174 1469 Its

25 1514 27 1519 ·
103 1479 159 1548 IV,
174 1479 197 1532 7.
218 1485 297 1549 μέχρι
309 1479 424 1554 μὲνγὰρ
439 1478 538 1554 ὀλίγοιο
552 1485 614 1535 ἐπε·
632 1484 687 1535 hoe
706 1482 796 1534 solum
819 1482 934 1535 dublum
955 1489 1083 1536 remanet
1124 1484 1174 1537 uid

64 1552 167 1617 χαίρει,
195 1554 313 1619 τέτταρα
339 1555 386 1601 καὶ
410 1550 725 1620 τετταράκοντανθεὴὶε
744 1549 895 1617 συνήθειαν
916 1548 992 1617 ᾤμην
1012 1502 1174 1605 ίεοὶεοάθω

25 1648 27 1667 l
64 1615 159 1688 λέγειν
172 1613 276 1680 ἀξιοῦν,
290 1619 331 1670 ίτι
345 1615 376 1669 δὲ
389 1618 508 1688 τήμερον
521 1625 568 1671 καὶ
580 1618 614 1671 τὰ
633 1619 677 1685 sit,
693 1617 795 1688 quibus
809 1618 838 1670 in
852 1616 931 1671 libris
947 1618 1117 1688 quibusdum
1132 1621 1173 1671 in·

25 1678 27 1795 l
65 1677 156 1749 ὅμοια
174 1684 384 1752 ἐπισπώμενον,
404 1682 500 1738 οἰστὸν
519 1676 550 1736 ΊΪν
566 1707 615 1754 μοι
631 1685 780 1754 terpolatis
798 1683 831 1738 τὸ
842 1704 864 1738 π
882 1688 955 1757 ἄγμα
975 1686 1103 1740 additum
1119 1693 1171 1755 est,

63 1749 101 1804 τὸ
121 1749 248 1817 ἄκουσμα
258 1758 303 1805 καὶ
322 1750 354 1804 ού
370 1753 444 1807 πάνυ
458 1774 486 1806 τι
503 1707 613 1807 sicuri-
631 1756 707 1807 unde
733 1706 966 1806 Hemsterbusius
999 1754 1173 1822 conjiciebat

64 1840 123 1886 μην
138 1817 301 1875 έπάἀτοῖο*
321 1819 409 1873 ὁπότε
422 1818 452 1873 δὲ
466 1826 495 1874 ἐκ
505 1822 614 1874 τούτων
632 1822 762 1889 εὐήθειαν
771 1820 888 1888 ᾧμηντὸ
899 1826 956 1890 πρᾶ
974 1843 1012 1888 μα
1022 1829 1068 1874 καὶ
1078 1823 1173 1876 οἰστὸν

25 1944 26 1953 ,
64 1886 228 1960 ἀρξάμενον
245 1887 374 1954 ἐτόλμησε
397 1895 561 1959 καττίτερον
578 1890 612 1942 εἰ·
630 1882 664 1955 ἦν
680 1894 733 1942 etc.
761 1889 807 1943 Sic
816 1889 851 1958 V,
861 1888 885 1941 8.
901 1843 1015 1954 εὐήθεια
1029 1889 1058 1942 in
1073 1891 1172 1944 codice

25 1986 26 2021 γ
66 1962 136 2010 πεῖν
154 1961 201 2007 καὶ
217 1957 342 2022 κάττυμα
360 1962 406 2009 καί
425 1962 535 2022 πίτταν,
553 1957 613 2010 εἶτα
632 1956 795 2012 Gorlieensi
807 1956 837 2008 ln
852 1959 986 2022 συνήθεια
1002 1964 1164 2026 corruptum

25 2024 26 2033 ¹
66 2023 286 2094 ἀπερυθριᾶσαν
306 2029 353 2076 καὶ
374 2023 535 2093 βασίλιτταν
552 2024 612 2079 ὀνο·
664 2024 700 2094 V,
715 2025 739 2078 7.
758 2026 906 2091 είώθεμεν]
930 2025 1094 2092 Legebatur
1113 2026 1172 2078 εἰώ·

66 2091 173 2159 μάζειν,
188 2091 363 2161 ἀποστεροῦν
376 2113 411 2159 με
419 2097 478 2144 τῶν
491 2113 613 2166 συγγεγε-
631 2094 737 2160 θαμεντ
757 2093 807 2147 sed
816 2091 897 2160 VIII,
908 2091 950 2159 14,
961 2091 986 2144 2.
996 2092 1063 2146 libri
1074 2092 1172 2159 optimi

67 2164 197 2227 νημένων
218 2178 266 2227 μοι
288 2166 334 2211 καί
361 2162 614 2230 συντεθραμμένων
631 2161 684 2235 ἐγώ
705 2165 758 2228 μὲν
775 2160 922 2232 ἀνέρριψα,
946 2156 1041 2231 ὥσπερ
1062 2161 1172 2213 εἰώθει·

68 2227 252 2300 γραμμάτων,
267 2225 299 2279 σύ
313 2233 431 2301 μετρίως
444 2233 491 2282 ίπὶ
504 2230 613 2285 τούτοις
629 2251 689 2297 μεν,
707 2228 760 2282 τὸν
771 2228 875 2291 δίσκον,
895 2227 944 2281 alii
957 2245 1055 2280 rursus
1069 2228 1171 2281 εἰώθα-

70 2294 231 2365 ἀγανακτῶ]
253 2293 299 2348 Sic
309 2295 380 2348 haec
390 2296 419 2348 in
430 2294 556 2350 ordinem
570 2314 611 2351 re·
630 2320 689 2365 μιν.
733 2295 917 2350 Manifestum
950 2301 994 2350 cst
1018 2297 1171 2364 utrobique

70 2362 138 2430 degi
176 2362 302 2432 quaein
325 2364 405 2416 libris
427 2365 530 2432 partim
553 2381 612 2418 cor·
630 2364 939 2435 plusquamperfectum
954 2363 1070 2434 requiri,
1091 2366 1171 2433 cujus

25 2486 26 2499 ¹
69 2402 156 2498 rupti
184 2430 286 2499 partim
316 2431 495 2500 glossematis
525 2432 611 2486 illatis
631 2439 709 2487 recta
728 2440 756 2485 et
778 2433 895 2503 antiqua
918 2432 1010 2485 forma
1033 2433 1172 2499 εἰώθεμεν

25 2508 26 2517 ²
71 2502 157 2551 aucta
172 2503 249 2566 sunt,
263 2499 359 2553 verbis
370 2499 454 2552 ctiam
468 2500 611 2553 nonnullis
630 2518 714 2571 quum
724 2500 870 2569 incognita
880 2503 956 2553 esset
969 2499 1102 2565 librariis,
1112 2516 1172 2553 non

69 2566 118 2620 vel
132 2565 244 2619 omissis
261 2566 321 2634 vel,
342 2582 427 2637 quum
442 2567 471 2619 in
484 2568 610 2636 margine
629 2584 693 2622 raro
709 2569 859 2635 εἰώθειμεν
872 2569 917 2621 vel
933 2568 1076 2634 εἰώθαμεν
1085 2568 1171 2622 inter·

71 2632 179 2687 codicis
198 2632 366 2713 antiquioris
386 2634 493 2704 scripto
507 2642 610 2702 essent,
629 2637 772 2704 polarunt.

71 2701 137 2754 loco
156 2700 250 2754 alieno
268 2702 397 2767 russulis,
417 2702 492 2755 bunc
509 2703 538 2755 in
552 2719 608 2755 mo·
662 2703 698 2771 V,
709 2702 750 2756 15.
769 2706 800 2754 ἐν
808 2701 910 2772 θύραις
922 2706 969 2753 καὶ
979 2700 1083 2768 σκότῳ]
1103 2700 1170 2755 (lor-

70 2768 146 2836 dum,
163 2773 241 2840 μίχρι
249 2773 300 2837 μεν
307 2771 360 2843 γὰρ
371 2770 471 2843 ὀλίγοις
480 2776 611 2839 ἐπεχείρει
629 2777 741 2840 ruptum
752 2772 859 2841 θύραις,
871 2770 949 2848 quod
959 2769 1007 2823 alii
1017 2770 1101 2823 aliter
1109 2775 1170 2822 ten-

69 2837 275 2904 τετταριίκοντα
287 2836 375 2911 λέγειν
389 2837 565 2910 ἀποστεροῦν
577 2861 611 2907 με
628 2844 732 2893 terunt.
768 2837 949 2891 Probab1lius
972 2835 1078 2907 ὑδρίαις
1100 2836 1171 2890 Mei-

70 2908 128 2957 τών
142 2923 173 2957 συ
190 2911 378 2978 γεγενημένων
394 2927 443 2975 μοι
461 2907 611 2974 συνήθειαν
628 2906 728 2960 nekius
747 2906 777 2959 in
796 2904 1002 2960 Schneidewinl
1017 2905 1170 2974 Philologo

72 2969 148 3039 ᾤμην
169 2924 259 3045 (sude
280 2980 326 3026 καὶ
348 2991 382 3028 ex
401 2975 500 3028 codice
519 2975 610 3029 (lorli-
628 2977 683 3029 vol.
695 2975 719 3028 3.
734 2992 760 3044 p.
770 2974 829 3027 320.
843 2974 949 3027 collato
962 2973 1058 3027 Aristo
1080 2974 1170 3027 h.Av·

72 3037 159 3159 censi)
171 3042 424 3112 συντεθραμμένων
431 3044 609 3116 γραμμάτων,
628 3043 686 3097 603.
700 3042 748 3098 τὰς
766 3041 861 3112 ὑδρίας
878 3040 1041 3112 ἀνορύττων
1058 2992 1170 3094 liubula·

71 3110 112 3161 ίει
125 3104 142 3159 ὃ
166 3128 182 3161 τ
192 3109 286 3180 ’μερσν
298 3115 344 3162 καὶ
353 3109 388 3163 τὰ
397 3106 478 3178 ὅμοια
488 3111 611 3164 ίαισπώ-
628 3128 745 3182 rumque
751 3109 922 3179 Antiphanis
933 3113 962 3163 et
970 3108 1120 3163 Menandri
1129 3109 1170 3162 in-

72 3194 157 3244 μενον
173 3129 230 3230 tica
246 3185 328 3231 ταυτί
344 3177 432 3251 λέγειν
448 3185 494 3232 καὶ
516 3179 612 3233 οἰστὸν
629 3179 781 3248 scriptione
798 3176 899 3249 Ὑδριά.
1060 3176 1064 3181 ’

72 3241 214 3301 -αάτοῖυ
234 3242 609 3323 ὁποτεάί-ἀνομάζειν,ού
663 3247 700 3366 Υ,
714 3247 757 3300 21.
782 3243 1170 3332 παλαιᾷτῳάθόνῃῼοθθλῑιε

73 3318 186 3433 illi*
202 3315 611 3457 tl⁰slell⁰plet⁸lllle
629 3313 1169 3453 ¹²l,blitilllfsfeellyles]

75 3454 120 3501 καὶ
146 3453 210 3502 ante
236 3469 318 3503 τεττα
337 3450 441 3504 ἄκοντα
472 3450 610 3505 excidisse
629 3451 793 3521 Legebatur
805 3449 900 3519 βούλει
913 3480 942 3490 -
965 3447 1191 3518 δεκαιολογὴσο·“

75 3515 269 3570 animadvertit
278 3469 416 3572 Halmius.
436 3519 509 3574 Nam
517 3535 610 3599 neque
628 3540 687 3587 μαι.
714 3517 804 3573 Verbi
818 3517 912 3584 βούλει
925 3516 971 3569 vel
987 3516 1067 3594 quocl
1078 3517 1169 3567 minus

76 3590 190 3652 apparet
212 3601 262 3638 cur
283 3587 489 3656 τετταράκοντα
515 3594 611 3657 ponus
630 3587 765 3667 frequens
784 3586 890 3640 ἐθέλεις
912 3588 1087 3638 constructio
1107 3600 1170 3636 cum

76 3666 157 3720 quam
169 3657 288 3725 τέτταρα
300 3659 469 3709 memoretur
484 3661 514 3709 et
526 3656 611 3728 parti·
629 3654 783 3709 indicativo
802 3652 902 3722 futuri,
927 3666 983 3722 qua
1005 3650 1171 3705 inferiorum

78 3720 155 3773 culae
172 3722 212 3774 ἔτι
229 3719 260 3775 δὲ
281 3724 376 3792 aptius
396 3731 465 3792 post
487 3723 542 3777 duo
565 3723 612 3777 vel
629 3730 786 3792 temporum
801 3721 953 3789 scriptores
971 3718 1112 3772 interdum
1125 3719 1171 3772 usi

77 3785 255 3855 pluriorem
277 3791 306 3844 la
328 3807 413 3861 quam
434 3795 505 3860 post
525 3807 611 3844 unum
630 3798 705 3860 sunt,
720 3790 814 3843 aliena
823 3789 860 3842 ab
869 3786 990 3843 Luciani
999 3792 1029 3840 et
1037 3794 1132 3841 aetate
1142 3794 1171 3841 ct

77 3862 222 3940 nouantur.
284 3864 332 3913 ost
355 3858 444 3932 λέγειν
469 3858 613 3913 exciderat
651 3874 734 3912 encre
745 3855 889 3911 scribendi
898 3861 951 3922 est,
966 3855 1020 3909 etsi
1029 3855 1170 3908 interdum

79 3922 174 3988 αξεοῦν,
193 3926 270 3994 quod
289 3927 419 3997 supplevi
437 3929 513 3994 ex'§.
522 3926 548 3979 9.
562 3926 612 3980 ubi
630 3878 696 3980 iulo
711 3925 765 3978 scri
787 3923 842 3978 tori
854 3929 887 3977 ut
899 3924 963 3978 aliis
977 3923 1124 3995 quibusvis
1138 3923 1170 3974 il·

79 3989 198 4046 similiter
233 3995 339 4048 dictum
378 4000 422 4050 est
461 3993 613 4051 θετταλίαν
630 3995 689 4048 lata
707 3944 898 4063 cellerariis,
923 4008 1041 4064 quorum
1059 4005 1170 4046 errores

128 4077 218 4122 luciosi
232 4079 273 4123 ool.
283 4078 301 4124 l.
903 4097 923 4138 B
