2724 4634
317 263 434 348 ‚vm
462 264 573 320 υτον
594 264 805 321 Διοκονοῑ
828 268 868 320 τε.
879 269 920 322 13.
1033 329 1037 338 ⁸
1111 257 1152 323 77

40 409 45 417 ·
86 440 89 446 ,
116 369 334 460 Κορύβαντας
349 363 407 436 άτε
419 365 575 454 μανικοὺς
587 372 643 437 καὶ
656 368 773 448 αύτούς
787 365 895 453 ὄντας,
915 368 982 440 άυω
995 375 1051 440 καὶ
1063 374 1151 442 κάτον

117 471 178 561 τὴν
188 468 273 559 Ἴδην
291 474 544 562 περιπολοῦσιν,
572 467 594 557 ή
610 473 669 556 μὲν
682 469 887 555 ’ὀλολύζουσα
910 473 967 543 έπὶ
988 482 1035 564 τῷ
1050 474 1150 566 Ἄττῃ,

117 575 154 642 οί
172 575 379 664 Κορύβαντες
394 574 433 643 δέ
450 571 468 641 δ
486 575 546 661 μὲν
563 571 671 642 αὐτῶν
686 580 838 659 τέμνεται
855 578 946 666 ξίφει
961 576 1019 646 τὸν
1036 585 1150 668 πῆχυν,

117 675 138 745 δ
159 678 197 745 δὲ
214 674 303 756 άνελς
318 675 377 766 τήν
392 677 495 765 κόμην
513 676 601 744 ἵεται
616 675 767 766 μεμηνὼς
790 676 846 746 διὰ
867 686 933 747 τῶν
951 677 1050 768 όριῦν,
1079 679 1097 747 δ
1117 683 1153 750 δὲ

117 777 218 848 αύλεῖ
227 785 276 867 τῷ
288 783 413 868 κέρατι,
433 775 451 847 ό
467 780 504 846 δέ
517 777 695 864 έπιβομβεῖ
709 786 757 867 τῷ
770 781 929 870 τυμπάνφ
944 778 966 871 ή
979 782 1154 851 ἐπικτυπεῖ

115 889 167 971 τῷ
186 882 357 970 κυμβάλῳ,
385 884 440 950 καὶ
458 876 544 961 όλιος
561 882 710 970 θόρυβος
729 886 785 951 καί
806 888 907 967 μανία
924 882 967 951 τὰ
985 884 1018 953 έν
1034 891 1074 973 τῇ
1085 882 1151 974 Ἴδῃ

115 981 256 1054 ἅπαντά
277 982 357 1053 ἐστι.
403 984 496 1051 δέδια
517 990 639 1067 τοίνυν,
667 986 761 1054 δέδια
782 984 804 1075 ή
823 982 862 1054 τὸ
885 992 1033 1055 τοιοῦτον
1055 986 1152 1055 κακὸν
1174 1060 1178 1065 ‚

5 1130 7 1135 >
115 1087 183 1177 ἐγὼ
202 1093 343 1157 τεκούσα
358 1083 404 1176 μή
419 1083 629 1171 ἀπομανεῖσά
646 1114 729 1156 ποτε
746 1085 844 1177 ήῬέα
862 1084 950 1177 ήκαὶ
961 1093 1085 1175 μᾶλλον
1103 1091 1152 1158 έτι

5 1222 7 1259 ι
115 1190 153 1259 ἐν
171 1186 273 1279 αότής
290 1179 374 1257 ούσα
390 1189 526 1278 κελεύσῃ
547 1187 625 1270 τοὺς
642 1192 853 1278 Κορύβαντας
875 1195 1096 1277 συλλαβόντας
1114 1218 1152 1261 σε

5 1316 6 1319 ’
115 1294 383 1361 διασπάσασθαι
403 1289 513 1380 ἢτοῖς
530 1296 643 1362 λέουσι
659 1298 876 1384 παραβαλεῖν.
913 1302 1035 1376 [ταῦτα
1058 1297 1152 1365 δέδια

113 1395 346 1464 κινδυνεύοντά
365 1419 403 1463 σε
421 1390 559 1483 δρῶσα]

171 1505 276 1561 ΕΡΩΣ
321 1497 454 1586 θάρρει,
482 1504 598 1587 μῆτερ,
627 1498 702 1566 έπεὶ
721 1502 777 1567 καὶ
798 1511 870 1579 τοῖς
891 1503 1020 1567 λέουσιν
1039 1497 1184 1579 αύτοῖςκ

113 1596 180 1689 ήδη
202 1600 349 1688 συνήθης
366 1600 448 1684 εἰμὶ,
475 1603 530 1669 καὶ
554 1601 713 1681 πολλάκις
734 1600 903 1687 ἐπαναβὰς
925 1601 983 1669 ἐπὶ
1003 1600 1045 1671 τὰ
1063 1609 1151 1671 νῶτα

113 1706 250 1791 καὶτῆς
267 1701 369 1791 κόμης
385 1700 702 1792 λαβόμενοςήνισχιῦ
725 1701 858 1786 αύτούς,
887 1705 920 1772 οί
942 1706 978 1771 δέ
1001 1710 1153 1773 σαίνουσί

113 1830 160 1893 με
176 1807 233 1872 καί
250 1801 307 1891 τήν
322 1817 417 1894 χεῖρα
435 1806 603 1891 δεχόμενοι
618 1805 651 1886 ές
662 1804 701 1874 τὸ
715 1806 825 1891 στόμα
837 1810 1151 1895 περιλιχμησάμενοι

115 1904 327 1976 ἀποδιδόασί
342 1926 416 1991 μοι·
435 1904 517 1996 αύτή
534 1910 594 1993 μὲν
610 1907 673 1996 γὰρ
685 1905 705 1997 ή
717 1906 784 1976 Ῥέα
801 1909 885 1977 πότε
904 1907 943 1977 άν
961 1913 1015 1976 καί
1034 1908 1150 1996 σχολήν

117 2006 238 2096 άγάγσι
256 2006 307 2076 έπ’
323 2007 380 2095 ἐμὲ
398 2003 457 2098 δ’λη
472 2000 556 2078 οὖσα
569 2011 603 2080 ἐν
615 2019 662 2100 τῷ
672 2010 780 2100 Ἄττης
796 2017 904 2079 καίτοι
917 2016 952 2079 τί
964 2009 1026 2097 ἐγὼ
1046 2008 1150 2078 άδικιῦ

113 2110 244 2191 δεικνὺς
260 2109 302 2178 τὰ
319 2110 403 2180 καλά
420 2111 477 2180 σίά
494 2112 597 2193 έστιν;
622 2111 716 2200 ύμεῖς
733 2115 769 2181 δὲ
785 2112 830 2202 μή
849 2112 989 2203 ἐφίεσθε
1010 2121 1075 2180 τῶν
1093 2139 1151 2178 κα-

114 2215 199 2282 λιῦν·
220 2212 266 2303 μή
288 2219 397 2283 τοίνυν
418 2214 475 2301 έμδ
497 2216 656 2285 αἰτιᾶσθε
676 2218 810 2285 τούτων.
847 2213 868 2305 ή
891 2216 1019 2297 έθέλεις
1037 2215 1092 2298 σὺ,
1122 2206 1149 2285 ὦ

5 2346 6 2355 ’
113 2322 232 2404 μῆτερ,
254 2313 334 2407 αύτή
351 2323 468 2406 μηκέτι
485 2317 560 2407 έράν
573 2321 656 2409 μήτε
674 2318 715 2389 σὺ
732 2316 914 2408 τοῦύίρεως
930 2321 1013 2407 μήτε
1030 2318 1150 2388 ἐκεῖνον

6 2486 8 2493 ,
116 2443 196 2497 nov,-

169 2528 255 2585 ΑΦΡ.
286 2518 334 2601 Ὦς
347 2518 452 2602 δεινὸς
466 2518 498 2589 εί
508 2525 563 2590 καί
575 2536 703 2613 κρατεῖς
717 2520 887 2591 ἆπάντανν·
906 2522 990 2591 άλλδι
1002 2524 1148 2612 μεμνήσῃ

6 2678 7 2681 ¹
114 2625 181 2712 μού
201 2649 285 2692 ποτε
301 2630 368 2693 τῶν
385 2625 502 2713 λόγων.

611 2795 654 2850 13.

238 2904 354 2975 ΔΙΟΣ,
380 2906 634 2963 ΑΣΚΔΗΠΙΟΥ
655 2907 731 2964 ΚΑΙ
752 2906 1026 2962 ΗΡΑΚΔΕΟΥΣ.

168 3045 272 3101 ΖΕΥΣ.
306 3035 505 3119 Παύσασθε,
529 3028 743 3126 ὦΆσκληπιδ
759 3041 815 3105 καὶ
829 3035 1004 3128 Ἡράκλεις,
1029 3035 1150 3123 έρίζον-
1169 3058 1182 3105 1

113 3162 171 3216 τες
189 3136 274 3223 πρὸς
292 3134 451 3227 ἀλλήλους
469 3136 582 3227 ὥσπερ
601 3136 794 3227 ἄνθρωποι·
815 3138 949 3230 άπρεπή
965 3137 1028 3229 γὰρ
1046 3145 1148 3206 ταῦτα

114 3244 173 3307 καί
192 3239 349 3329 ἀλλότρια
366 3248 425 3308 τοῦ
445 3247 632 3327 συμποσίου
649 3249 716 3310 τῶν
733 3249 836 3311 θεῶν.

168 3350 278 3404 HPAK
314 3340 393 3411 Ἀλλ’
414 3343 555 3427 ἐθέλεις,
583 3335 710 3427 ιύΖεύ,
737 3347 869 3412 τουτονὶ
890 3342 947 3413 τὸν
974 3349 1148 3433 φαρμακέα

115 3446 444 3536 προκατακλίνεσθαί
460 3471 524 3532 μου
529 3472 541 3524 ‚·

168 3554 253 3609 ΑΣΚ.
293 3546 344 3635 Νὴ
362 3553 442 3615 Δία·
470 3552 526 3615 καί
544 3544 684 3633 ἆμείνων
701 3548 763 3637 γάρ
782 3549 861 3635 είμι.

168 3655 281 3712 ΗΡΑΚ.
328 3647 422 3718 Κατὰ
447 3656 494 3731 τί,
523 3641 550 3718 ὦ
577 3649 789 3739 δμβρόντητες
814 3647 835 3738 ἢ
857 3649 944 3718 διότι
967 3672 1004 3718 σε
1026 3645 1045 3717 δ
1067 3645 1149 3727 Ζεὺς

117 3747 336 3838 ἐκεραύνωσεν
349 3751 372 3820 δ
384 3749 429 3842 μή
443 3756 543 3837 θέμις
555 3760 729 3836 ποιοῦντα,
747 3760 804 3822 νύν
817 3754 854 3821 δέ
866 3750 934 3822 κατ’
949 3752 1039 3822 ἔλεον
1048 3742 1150 3830 αὖθις

116 3848 308 3934 ἀθανασίας
323 3858 538 3943 μετείληφαςς

170 3963 255 4018 ΑΣΚ.
278 3953 487 4046 Ἐπιλέλησαι
504 3955 567 4046 ηδρ
584 3960 640 4024 καί
658 3956 713 4039 σδ,
734 3948 761 4025 ὦ
771 3955 949 4045 Ἡράκλεις,
970 3957 1003 4028 έν
1019 3963 1060 4050 τῇ
1071 3958 1149 4047 Οἴτη

117 4061 347 4149 καταφλεγείς,
368 4055 421 4128 ότι
437 4086 497 4146 μοι
515 4058 683 4142 ὀνειδίζεις
699 4060 738 4129 τὸ
757 4068 841 4150 πύρ,·
