2740 4648
366 241 434 294 xx.
461 240 724 295 εειιοτιωοτ
747 240 867 294 το-τυ.
1069 224 1132 291 319

93 370 212 432 χονται
235 342 268 410 οί
290 346 561 433 φιλοσοφοῦντες.
605 340 627 432 ἢ
647 348 698 422 τίς
720 340 760 410 ἀν
787 332 918 411 δύναιτο
946 340 988 412 δι’
1003 343 1132 413 ἐκείνων

98 445 258 516 ἀπάντων
272 453 423 536 χωρῆσαι
442 438 487 514 ὦν
505 446 604 536 έφηνς
622 440 705 536 δ’περ
725 443 886 513 ἀδύνατον
898 449 954 513 καὶ
967 444 1065 527 αὐτὸς
1079 448 1132 514 λέ-

95 574 167 640 γεις
185 546 279 617 εἶναι.
306 555 362 633 νῦν
379 551 415 617 δὲ
434 544 550 634 ὅμοιόν
567 572 628 635 μοι
646 549 753 629 δοκεῖς
770 561 881 616 ποιεῖν
899 544 1014 637 ὥσπερ
1033 550 1066 617 εί
1078 572 1130 630 τις
1175 604 1178 615 .

9 650 11 717 ἶ
98 653 236 745 δακρύοι
252 654 308 719 καὶ
327 650 462 739 αἰτιῷτο
480 650 539 740 τὴν
555 652 661 739 τύχην,
687 646 740 720 ότι
756 651 802 739 μὴ
821 651 955 720 δύναιτο
978 648 1130 720 ἀνελθεῖν

97 755 132 836 ές
149 754 207 822 τὸν
226 751 371 842 οὐρανὸν,
390 751 412 842 ἢ
430 746 483 822 δτι
499 752 544 842 μὴ
562 755 685 840 βύθιος
700 750 828 834 ἀποδὺς
841 753 875 834 ές
886 752 945 843 τὴν
957 753 1130 827 θάλατταν

98 856 168 925 ἀπὸ
190 860 342 935 Σικελίας
365 855 398 935 ἐς
419 856 554 945 Κύπρον
576 853 788 938 ἀναδύσεται,
816 850 837 944 ἢ
860 851 914 925 ότι
939 855 984 944 μὴ
1011 853 1131 947 ἀρθεὶς

97 958 222 1049 πτηνὸς
241 956 431 1048 αὐθημερὸν
449 953 518 1026 ἀπὸ
536 965 594 1048 τῆς
603 955 756 1039 Ἑλλάδος
774 958 821 1038 εἷς
835 955 954 1038 Ἰνδοὺς
970 961 1073 1026 τελεῖ·
1089 957 1129 1026 τδ

99 1061 131 1130 δ’
143 1062 249 1130 α’ίτιον
266 1067 324 1149 τῆς
338 1062 452 1150 λύπης,
472 1056 526 1128 ότι
538 1058 679 1149 ἠλπίκει,
699 1058 802 1146 οἶμαι,
821 1056 843 1149 ἢ
858 1057 937 1151 ἀναρ
951 1062 1035 1129 ποτε
1049 1059 1130 1129 ίδών

96 1170 248 1232 τοιοῦτον
265 1160 286 1252 ἢ
305 1161 403 1243 αὐτὸς
417 1161 505 1251 αύτῷ
520 1159 723 1245 ἀναπλάσας,
744 1160 781 1231 οῦ
795 1163 957 1252 πρότερον
971 1163 1129 1246 ἐξετάσας

99 1266 128 1335 εἰ
147 1264 265 1356 έφικτά
283 1265 413 1349 εύχεται
429 1269 485 1333 καὶ
501 1265 586 1333 κατὰ
603 1263 661 1354 τὴν
679 1264 863 1356 ἀνθρώπου
882 1265 992 1356 φύσιν.
1019 1268 1075 1333 καὶ
1089 1264 1129 1355 δὴ

97 1372 153 1436 καί
171 1368 222 1449 σὲ,
251 1359 420 1454 ἀέταῖρε,
447 1366 556 1435 πολλὰ
577 1371 632 1435 καὶ
650 1367 832 1454 θαυμαστὰ
855 1365 1130 1456 ὀνειροπολοῦντα

97 1473 195 1553 νύξας
216 1468 234 1538 δ
259 1471 355 1558 λόγος
377 1468 446 1538 ἀπὸ
469 1476 527 1537 τοῦ
550 1464 654 1538 όπνου
682 1469 834 1559 έκθορεῖν
861 1469 1029 1560 ἐποίησιν·
1056 1467 1130 1539 είτα

99 1571 210 1663 ὀργίζῃ
230 1569 317 1661 αὕτη]
336 1571 385 1640 έτι
401 1572 499 1659 μόγις
516 1570 592 1651 τοὺς
615 1569 816 1661 ὀφθαλμοὺς
838 1571 977 1661 ἀνοίγων
998 1570 1128 1641 καὶτὸν

98 1672 202 1744 ἀπνον
228 1671 265 1742 ού
291 1676 415 1764 ῥᾳδίως
446 1673 686 1763 ἀποσειόμενος
714 1671 770 1764 ὑφ’
790 1672 908 1763 ἡδονῆς
933 1666 979 1744 ὦν
1010 1675 1126 1765 ἑιόρας.

96 1778 265 1861 πάσχουσι
283 1775 313 1844 δ’
326 1774 404 1844 αὐτὸ
423 1780 478 1844 καὶ
497 1777 530 1845 οἱ
546 1774 603 1866 τὴν
620 1774 711 1865 κενὴν
728 1782 891 1866 μακαρίαν
905 1777 1034 1858 ἑαυτοῖς
1049 1776 1128 1845 ἀνα-

97 1881 305 1961 πλάττοντες,
325 1876 365 1968 ἢν
382 1877 502 1964 μεταξύ
521 1881 721 1947 πλουτοῦσιν
740 1875 854 1960 αὐτοῖς
866 1881 922 1945 καί
934 1879 1128 1968 θησαυρούς

98 1978 313 2069 ἀνορύττουσι
338 1985 393 2049 καὶ
418 1982 632 2068 βασιλεύουσι
657 1985 714 2049 καὶ
743 1978 847 2051 τάλλα
878 1978 1127 2066 εῦδαηιονοῦσιν

98 2120 140 2132 —-
158 2082 214 2149 οία
231 2081 340 2150 πολλὰ
356 2081 377 2173 ἦ
396 2082 479 2164 θεὸς
497 2083 598 2172 ἐκείνη
618 2086 815 2175 ῥᾳδιουργεῖ,
834 2080 965 2172 ἧΕύχη,
985 2084 1127 2170 μεγαλό-

98 2187 203 2275 δωρος
213 2177 296 2253 οάοα
305 2190 359 2252 καὶ
369 2185 454 2276 πρὸς
468 2184 561 2255 οὐδέν
576 2183 797 2273 ἀντιλέγουσα,
816 2182 876 2253 κάν
889 2183 1012 2274 πτηνὸς
1026 2184 1125 2274 έθέλη

96 2313 148 2367 τις
164 2293 335 2377 γενέσθαι,
358 2285 418 2356 κάν
435 2292 644 2369 κολοσσιαῖος
661 2287 699 2357 τὸ
722 2293 878 2376 μέγεθος,
901 2283 962 2356 κάν
984 2283 1044 2376 όρη
1063 2282 1126 2355 όλα

9 2432 11 2465 ;
92 2398 199 2479 χρυσᾶ
223 2387 381 2478 εὑρίσκειν
402 2430 445 2440 -
466 2387 505 2477 ἢν
526 2397 634 2459 τοίνυν
655 2398 758 2458 ταῦτα
781 2389 943 2459 ἐννοοῦσιν
970 2386 1084 2469 αάτοῖς
1107 2385 1125 2457 ό
1172 2444 1174 2450 .

9 2482 11 2519 ³
95 2505 178 2572 παῖς
195 2492 395 2582 προσελθών
413 2492 527 2582 ἔρηταί
542 2521 576 2560 τι
592 2501 657 2561 τῶν
672 2491 863 2580 ἀναγκαίων,
884 2491 954 2560 οἷον
968 2489 1050 2560 ὅθεν
1067 2488 1126 2577 ἀρ-

9 2662 10 2687 3
94 2619 172 2673 τους
191 2593 329 2684 ὠνητέον
346 2593 368 2683 ἢ
387 2590 406 2662 ό
422 2622 456 2662 τι
474 2601 596 2684 φατέον
609 2594 696 2684 πρὸς
708 2594 765 2663 τὸν
779 2591 984 2663 ἀπαιτοῦντα
996 2590 1126 2660 τούνοί-

95 2720 165 2763 κιον
185 2696 218 2763 ἐκ
235 2702 361 2766 πολλοῦ
379 2703 604 2788 περιμένοντα,
625 2695 731 2778 ούτως
745 2695 981 2784 ἀγανακτοῦσιν
994 2692 1041 2775 κός
1056 2690 1124 2761 ἀπὸ

96 2805 153 2866 τοῦ
173 2798 325 2889 ἐρομένου
343 2805 397 2869 καὶ
415 2801 717 2890 παρενοχλήσαντος
735 2797 975 2890 ἀφαιρεθέντες
992 2793 1125 2865 ἅπαντα

96 2900 200 2969 έκεῖνο
213 2901 348 2990 τάγαθόν
362 2907 417 2971 καὶ
431 2901 541 2991 ἀλίγον
557 2905 669 2971 δέουσι
678 2901 736 2991 τὴν
750 2905 824 2994 ῥῖνα
835 2909 894 2970 τοῦ
905 2898 1028 2980 παιδὸς
1037 2897 1125 2968 ἀπο-

95 3017 233 3088 τραγεῖν.
270 3003 352 3071 ἀλλὰ
370 3005 420 3088 σὺ,
441 2998 467 3072 ὦ
486 3007 634 3095 φιλότης,
653 3004 699 3094 ’μὴ
717 3007 834 3095 πάθης
853 3002 933 3072 αύτδ
952 3001 1038 3092 πρὸς
1056 3002 1122 3087 ίμδ,
1143 3024 1176 3073 72

95 3105 129 3171 εἴ
145 3127 181 3170 σε
198 3105 389 3192 θησαυροὺς
407 3106 624 3195 ἀνορύττοντα
640 3112 696 3175 καὶ
708 3109 887 3207 πετόμενον
900 3113 958 3175 καί
968 3131 1060 3185 τινας
1075 3105 1125 3175 δν-

94 3211 187 3285 νοίας
203 3202 385 3294 ὑπερφυεῖς
404 3207 572 3277 ἐννοοῦντα
589 3216 646 3276 καί
662 3236 754 3292 τινας
772 3211 910 3290 ἐλπίδας
928 3206 1141 3307 ἀνεφίκτους.

95 3308 269 3391 ἐλπίζοντα
291 3312 389 3397 φίλος
411 3307 458 3376 ἀν
480 3307 517 3376 οὗ
540 3312 709 3399 περιεῖδον
736 3312 792 3378 διὰ
817 3310 942 3389 παντὸς
966 3316 1025 3377 τοῦ
1047 3314 1123 3395 βίον

94 3408 209 3501 ἀνείρφ
227 3409 302 3500 ἡδεῖ
317 3413 376 3496 μὲν
398 3411 493 3492 ἴσως,
522 3408 606 3498 ἀτάρ
630 3407 745 3500 ἀνείρφ
768 3439 804 3499 γε
827 3412 979 3493 συνόντα,
1009 3412 1124 3478 διανα-

94 3517 216 3583 στάντα
243 3517 279 3582 δὲ
306 3512 390 3596 ἀξιῶ
416 3514 574 3602 πράττειν
599 3540 633 3581 τι
658 3519 724 3582 τιῦν
751 3511 935 3602 ἀναγκαίων
960 3516 1016 3580 καὶ
1043 3508 1063 3579 ό
1085 3536 1123 3580 σε

93 3623 317 3705 παραπέμψει
335 3616 368 3696 ἐς
385 3616 424 3684 τὸ
442 3615 560 3684 λοιπὸν
577 3622 637 3684 τοῦ
653 3622 729 3703 βίον
747 3615 795 3685 τδιΥ
807 3613 900 3684 κοινά
917 3622 1021 3683 ταῦτα
1038 3639 1123 3705 φρο-

93 3725 225 3786 νοῦντα·
249 3720 323 3789 έπεὶ
341 3716 361 3787 ό
378 3726 487 3808 γενῦν
505 3719 665 3809 έπραττες
681 3721 737 3786 καὶ
755 3717 915 3801 ἐπενόεις,
941 3714 1035 3786 οῦδὲν
1056 3723 1122 3785 τῶν

90 3816 370 3912 Ἱπποκενταύρων
396 3823 452 3889 καὶ
479 3828 652 3910 Χιμαιρῶν
678 3825 733 3889 καί
760 3822 931 3910 Γοργόνων
958 3822 1120 3910 διαφέρει,

92 3925 150 3989 καί
169 3918 232 3990 ὅσα
249 3923 333 3993 ἀλλα
351 3922 474 4014 ἀνειροι
490 3927 546 3990 καὶ
563 3926 702 4012 ποιηταὶ
718 3928 774 3993 καὶ
792 3938 931 4014 γραφεῖς
949 3923 1122 4008 ἐλεύθεροι

93 4019 186 4104 δντες
199 4022 460 4097 ἀναπλάττουσιν
474 4024 713 4117 οάτεγενόμενα
722 4029 862 4097 πώποτε
877 4024 951 4095 ούτε
964 4031 1122 4116 γενέσθαι
