2722 4646
458 277 494 335 V.
512 276 649 333 ΤΙΜΩΝ
666 277 786 333 29-34.
1104 268 1145 334 41

98 382 219 463 Πόνος
237 378 372 462 ἐντείνας,
391 377 590 471 ἧΚαρτερία
606 407 642 450 τε
658 384 714 449 καί
730 378 751 472 ἦ
765 386 876 471 Σοφία
888 386 949 451 ’καί
966 381 986 473 ἦ
1002 380 1146 474 Ἀνδρεία

100 488 164 555 καὶ
193 482 214 554 δ
241 490 394 564 τοιοῦτος
420 481 516 567 όχλος
545 490 612 552 τῶν
641 481 708 553 ἀπὸ
738 490 787 572 τῷ
812 492 913 573 Λιμῷ
941 492 1148 573 ταττομένων

102 583 287 667 ἁπάντων,
306 583 394 654 πολὺ
414 583 568 672 ἀμείνους
584 592 650 655 τῶν
668 592 736 655 σῶν
754 587 958 677 δορυφόρων.

157 696 302 753 ΠΛΟΥΤ.
349 693 388 758 Τί
409 681 467 757 οῦν
490 687 549 758 οῦκ
570 686 869 774 ἀπαλλαττόμεθα,
901 680 928 757 ῶ
947 687 1060 780 Ἑρμῆ,
1089 690 1147 782 τὴν

98 797 284 916 ταχίστηνς
315 787 353 860 οῦ
370 790 432 880 γάρ
450 788 491 859 άν
507 818 542 860 τι
558 788 653 880 ημεῖς
672 792 851 899 δράσαιμεν
869 788 1040 880 ἀξιόλογον
1062 792 1148 884 πρὸς

102 889 253 981 ἀνδρα(
234 890 303 960 υπὸ
320 895 512 981 τηλικούτου
532 895 757 984 στρατοπέδου
776 882 1038 983 περιεσχημένον.

159 1002 252 1060 ΕΡΜ.
283 991 402 1076 Αλλως
420 995 512 1078 ἐ’δοξε
529 1003 577 1084 τῶ
595 1002 668 1065 Διί·
689 995 734 1086 μὴ
754 988 1054 1083 ἀποδειλιῶμεν
1015 1023 1082 1066 ουν.

159 1106 251 1163 BEN.
295 1111 363 1166 Ποι
369 1124 486 1167 τουτον
494 1095 646 1187 ἀπάγεις,
658 1090 910 1189 ῶΑργειφόντα,
922 1125 1129 1189 χειραγωγῶν
1134 1131 1146 1186 ,·
1163 1120 1197 1175 σε

158 1209 252 1267 Em
291 1199 366 1271 ἶΠτὶ
382 1203 515 1270 τουτονὶ
531 1200 588 1272 τὸν
609 1208 740 1288 Τίμωνα
762 1201 983 1292 ἐπέμφθημεν
999 1200 1068 1272 ῦπὸ
1085 1211 1145 1272 τοῦ

105 1307 206 1387 Διός.

159 1414 250 1471 ΠΕΝ.
294 1413 364 1476 Νῦν
381 1403 399 1475 ὅ
417 1410 566 1487 Πλοῦτος
588 1405 646 1474 ἐπὶ
666 1412 811 1493 Τίμωνα,
840 1405 943 1477 ὁπότε
966 1406 1065 1478 αὐτὸν
1083 1409 1146 1497 ἐγῶ

104 1517 222 1592 κακῶς
244 1509 358 1594 ’ἔχοντα
379 1507 447 1577 ἀπὸ
469 1516 527 1599 τῆς
552 1516 683 1600 Τρυφῆς
708 1512 962 1598 παραλαβοῦσα,
997 1515 1147 1580 τουτοισί

106 1616 327 1704 παραδοῦσα,
346 1618 389 1703 τῇ
404 1606 517 1701 Σοφίᾳ
533 1615 590 1679 καί
606 1619 654 1701 τῷ
671 1614 783 1701 Πόνφ,
807 1626 953 1701 γενναῖον
971 1610 1075 1702 ἀνδρα
1091 1618 1148 1682 καὶ

108 1712 243 1787 πολλοῦ
261 1713 354 1797 ἀξιον
372 1712 549 1799 ἀπέδειξα,·
567 1709 672 1795 οῦτως
690 1712 757 1804 ἀρα
774 1713 1058 1807 εῦκαταφρόνητος
1070 1713 1147 1803 ῦμῖν

106 1816 130 1910 ²‘1
148 1824 253 1889 Πενία
275 1818 363 1885 δοκῶ
379 1820 436 1885 καὶ
458 1815 650 1905 εὐαδίκητος
672 1814 792 1885 ῶσθ’ὃ
814 1819 915 1904 μόνον
932 1825 1038 1908 κτῆμα
1059 1816 1146 1903 εἶχον

112 1920 340 2048 ἀφαιρεῖσθαί
355 1945 410 2005 με,
428 1918 574 2007 ἀκριβῶς
591 1918 677 2010 πρὸς
695 1917 811 2008 ἀρετὴν
829 1919 1084 2008 ἐξειργασμένον,
1103 1919 1143 1989 ἵν’

7 2040 9 2065 ¹
113 2016 251 2106 αὖθις(
233 2050 252 2092 ο
271 2025 420 2102 Πλοῦτος
436 2021 640 2112 παραλαβών
657 2019 759 2091 αῦτὸν
769 2019 877 2110 Ὕβρει
897 2025 953 2090 καί
973 2024 1074 2112 Τύφῳ
1093 2022 1146 2111 ἐγ·
1151 2110 1154 2115 ν

6 2174 7 2181 1
107 2121 298 2254 χειρίσας(
279 2122 401 2251 όμοιον
426 2132 473 2214 τῷ
501 2127 625 2207 πάλαι,
660 2123 836 2210 μαλθακὸν
865 2124 970 2194 καὶ
951 2133 1064 2215 αγεννῆ
1090 2129 1145 2193 καί

110 2228 252 2318 ἀνόητον
270 2227 447 2319 ἀποφήνας
464 2224 583 2317 ἀποδω
604 2229 707 2297 πάλιν
725 2227 841 2315 ἐμοἩ
821 2229 920 2319 ράνος
937 2227 999 2319 η’δη
1016 2253 1146 2318 γεγενη-

5 2404 13 2429 Γ
99 2337 226 2420 ιμένονς

7 2432 13 2443 ’
161 2441 250 2499 Em
285 2431 398 2516 Ἔδοξε
414 2439 532 2515 ταῦτα,
557 2459 584 2500 ω
570 2424 717 2517 Πενία,
736 2461 784 2523 τῳ
769 2440 869 2503 ’Διί

161 2544 249 2611 BEN.
285 2532 496 2626 Ἀπέρχομαι·
522 2538 578 2602 καί
598 2533 693 2620 ῦμεῖς
715 2536 764 2617 δέ,
795 2528 931 2606 ῶΠόνε
956 2541 1013 2605 καί
1033 2542 1145 2627 Σοφία
1163 2561 1197 2610 3³

109 2643 167 2710 καί
185 2639 219 2708 ολ
240 2642 370 2723 λοιποί,
398 2636 615 2705 ἀκολουθεῖτέ
631 2663 700 2722 μοι.
736 2629 834 2719 οὗτος
856 2638 893 2706 δὲ
912 2639 998 2722 τάχα
1020 2640 1146 2706 εἵσεται

112 2743 188 2813 οἵαν
200 2768 243 2829 με
257 2733 357 2810 οὖσαν
370 2738 561 2866 ἀπαλείφει,
582 2737 712 2830 ἀγαθὴν
721 2738 874 2828 συνεργὸν
881 2743 938 2808 καὶ
948 2741 1145 2811 διδάσκαλον

111 2854 178 2917 τῶν
197 2834 397 2935 ἀρίστων,
376 2871 397 2934 η
417 2843 521 2912 σσνὼν
539 2840 680 2931 ὑγιεινὸς
696 2842 806 2929 μέν
772 2869 811 2912 το
830 2849 940 2930 σῶμα,
958 2843 1146 2935 ἐρρωμένος

113 2951 150 3018 δὲ
166 2946 225 3037 τὴν
241 2948 371 3037 γνώμην
389 2948 580 3030 διετέλεσεν,
604 2944 723 3036 ανδρσς
738 2953 812 3034 β
776 2948 894 3030 ονζῶν
910 2951 966 3016 καὶ
983 2945 1069 3039 πρὸς
1086 2945 1146 3016 αῦ-

111 3049 170 3122 τὸν
187 3047 403 3136 ἀποβλέπων,
422 3076 466 3118 τα
451 3049 521 3118 δέ
537 3048 677 3138 περιττὰ
693 3075 749 3118 και
739 3049 877 3120 πολλὰ
893 3057 1010 3136 ταῦτα,
1031 3040 1144 3141 διόπερ

113 3154 215 3234 ἐστίν,
235 3150 394 3239 ἀλλότρια
411 3149 665 3238 ῦπολαμβάνων.

162 3262 250 3319 EPM.
280 3252 550 3342 Λπίρχονται·(
531 3268 627 3344 ημεῖς
645 3257 681 3322 δὲ
698 3262 888 3345 προσίωμεν
906 3254 1007 3346 αὐτῷ.

162 3365 242 3420 ΤΙΜ.
289 3364 379 3438 Τίνες
397 3357 484 3441 ἐστὲ,
505 3349 742 3445 ῶκατάρατοι,·
758 3355 828 3448 ἢτί
838 3361 1035 3445 βουλόμενοι
1048 3361 1143 3444 δεῦρο
1161 3381 1195 3431 34

112 3456 206 3551 ἥκετε
224 3456 327 3550 ἀνδρα
345 3460 481 3549 ἐργάτην
497 3464 553 3527 καί
569 3462 784 3550 μισθοφόρον
806 3461 1047 3548 ἐνοχλήσοντεςς
1073 3456 1141 3527 ἀλλ’

114 3559 151 3632 οῦ
167 3568 337 3652 χαίροντες
355 3559 454 3630 ἀπιτε
475 3568 591 3654 μιαροὶ
613 3564 735 3644 πάντες
757 3559 862 3642 ὄντες·
894 3561 957 3650 ἐγὼ
978 3561 1040 3650 γὰρ
1058 3559 1145 3646 ῦμᾶς

114 3662 230 3734 αῦτίκα
241 3667 332 3750 μάλα
343 3666 474 3751 βάλλων
483 3679 558 3745 ταῖς
565 3667 689 3752 βάλοις
697 3668 753 3733 καί
761 3678 833 3746 τοῖς
841 3668 954 3745 λίθοις
963 3669 1143 3752 συντρίψω.

163 3775 250 3831 Em
284 3769 469 3859 Μηδαμῶς,
488 3758 516 3834 ῶ
533 3774 654 3853 Τίμων,
672 3767 719 3858 μὴ
735 3767 854 3858 βάλῃς·
873 3765 911 3834 οῦ
929 3766 991 3856 γάρ
1009 3764 1145 3854 ἀνθρώ-

113 3892 199 3951 πους
217 3864 313 3951 ὄντας
329 3873 455 3957 βαλεῖς,
483 3866 553 3938 ἀλλ’
569 3869 632 3958 ἐγὼ
653 3872 713 3955 μίν
727 3868 843 3959 Ἑρμῆς
865 3869 946 3955 είμι,
975 3866 1090 3938 οῦτσσλ
1108 3871 1144 3939 δὲ

114 3970 132 4041 6
157 3976 319 4054 Πλοῦτος·
354 3972 487 4062 έπεμψε
513 3973 549 4041 δέ
575 3969 594 4041 6
619 3970 701 4053 Ζεὺς
727 3972 914 4054 ἐπακούσας
938 3979 1003 4041 τῶν
1029 3969 1141 4057 εῦχῶν.

113 4070 199 4145 ῶστε
217 4072 330 4166 ἀγαθῇ
342 4076 422 4166 τάχη
441 4076 535 4162 δέχου
552 4071 611 4145 τὸν
628 4071 726 4164 όλβον
743 4071 896 4157 ἀποστάς
911 4083 979 4146 τῶν
995 4077 1117 4146 πόνων.

1345 3654 1346 3663 ι

1345 3670 1346 3679 ι

1343 3782 1345 3791 ν

1344 3814 1345 3827 λ
