2722 4646
327 245 379 335 IV:
401 246 508 331 ΔΙΚῌ
525 245 792 301 ΦΩΝΗΕΝΤῺΝ
809 249 910 303 8-12.
1092 236 1135 302 29

100 351 228 423 τούτων
247 347 442 433 ἀνάσχοιτο,·
468 345 490 437 ή
506 354 557 428 τίς
576 348 756 437 ἐξαρκέσειε
776 352 846 440 δίκη
865 350 951 440 πρὸς
971 352 1010 421 τὸ
1032 379 1136 444 πονη-

101 456 243 544 ρότατον
260 454 355 520 τουτὶ
371 459 433 520 ταῦ
438 482 450 536 ,·
472 450 510 519 τὸ
529 453 565 518 δὲ
583 448 648 539 ἀρα
666 449 703 521 ού
721 452 760 520 τὸ
780 452 948 543 ὁμόφυλον
964 461 1030 522 τῶν
1045 480 1136 543 στοι-
1155 477 1186 527 11

99 564 197 642 χείων
204 557 308 640 μόνον
318 551 427 622 ἀδικεῖ
434 559 533 642 γένος,
554 551 623 621 ἀλλ’
634 551 695 643 ήδη
709 559 765 623 καὶ
778 556 863 643 πρὸς
872 555 910 623 τὸ
921 555 1135 648 ἀνθρώπειον

99 664 305 745 μεταβέβηκε
322 661 452 725 τουτονὶ
470 656 528 725 τὸν
544 658 684 746 τρόπον·
704 655 742 724 ού
760 657 822 745 γὰρ
842 659 1015 747 ἐπιτρέπει
1027 687 1063 749 γε
1077 659 1137 729 αῦ-

99 760 179 848 τοῦς
199 756 270 827 κατ’
285 756 371 828 εὐθὺ
393 765 561 850 φέρεσθαι
581 773 655 841 ταῖς
675 762 855 848 γλώσσαις·
882 765 1006 846 μάλλον
1027 764 1078 845 δέ,
1107 755 1134 831 ἀ

99 866 271 943 δικασταὶ,
295 861 415 947 μεταξύ
431 863 495 950 γάρ
512 889 555 947 με
572 863 674 931 πάλιν
691 860 733 930 τά
749 871 817 931 τῶν
840 861 1030 953 ἀνθρώπων
1047 867 1136 955 πρά-

97 993 211 1055 γματα
229 962 388 1052 ἀνέμνησε
404 968 484 1054 περὶ
500 972 558 1055 τῆς
573 965 738 1053 γλώσσης,
759 963 812 1034 δτι
829 970 885 1034 καὶ
901 967 1021 1054 ταύτης
1038 992 1079 1051 με
1095 966 1134 1036 τὸ
1215 1012 1217 1015 ·

98 1075 201 1157 μέρος
220 1065 372 1155 ἀπήλασε
389 1071 445 1135 καλ
461 1071 607 1155 γλιῦτταν
624 1080 720 1136 ποιεῖ
730 1067 789 1156 τήν
799 1072 960 1155 γλῶσσαν.
988 1061 1136 1156 ώγλώσ-

99 1197 161 1261 σης
180 1168 320 1259 ἀληθῶς
339 1171 469 1258 νόσημα
489 1177 563 1238 ταῦ.
597 1169 683 1238 ἀλλὰ
704 1172 934 1259 μεταβήσομαι
955 1174 1057 1265 πάλιν
1081 1169 1132 1239 ἐπ’

98 1275 207 1344 έκεῖνο
223 1277 369 1352 καὶτοῖς
386 1271 583 1359 ἀνθρώποις
602 1275 828 1362 συναγορεύσω
847 1271 930 1361 ὑπὲρ
950 1266 995 1343 ὧν
1013 1275 1060 1354 εἰς
1075 1271 1135 1351 ads,

96 1376 177 1456 τοὺς
196 1379 397 1463 πλημμελεῖ·
417 1377 551 1461 δεσμοῖς
563 1378 626 1462 γάρ
641 1402 711 1444 τισι
723 1380 899 1465 στρεβλοῦν
912 1381 968 1445 καλ
982 1368 1136 1466 σπαράτ-

96 1506 167 1548 τειν
187 1476 296 1545 αῦτιῦν
314 1477 371 1567 τήν
389 1477 499 1567 φωνήν
518 1478 687 1566 ἐπιχειρεῖ.
714 1482 770 1545 καὶ
786 1477 806 1545 δ
821 1486 880 1563 μέν
893 1506 926 1547 τι
940 1478 1039 1547 καλὸν
1055 1478 1134 1546 ἰδών

8 1600 10 1611 “
97 1580 201 1650 καλὸν
217 1581 326 1649 εἰπεῖν
344 1576 425 1650 αύτδ
442 1583 607 1667 βούλεται,
627 1580 665 1648 τὸ
685 1582 721 1648 δὲ
738 1581 952 1668 παρεσπεσδν
969 1580 1069 1650 ταλὸν
1087 1583 1135 1648 εἰ-
1197 1666 1200 1675 .

96 1699 176 1753 πεῖν
196 1682 316 1762 αῦτοῦς
335 1679 507 1768 ἀναγκάζει
525 1682 557 1750 έν
575 1679 685 1751 ἅπασι
702 1686 882 1773 προεδρίαν
905 1684 987 1768 ἐ’χειν
1006 1681 1133 1766 ἀξιοῦν·

96 1788 203 1856 πάλιν
221 1787 331 1870 ἕτερος
349 1789 427 1870 περὶ
444 1787 607 1874 κλήματος
626 1788 820 1873 διαλέγεται,
840 1785 878 1854 τὸ
897 1788 934 1854 δέ
951 1827 994 1838 -
1011 1789 1134 1874 τλήμονι

99 1890 164 1978 γάρ
183 1889 271 1957 ἐστιν
290 1886 428 1978 άληθῶς
445 1928 488 1938 -
505 1891 612 1975 τλήμα
630 1884 792 1974 πεποίηκε
810 1888 848 1956 τὸ
867 1892 983 1976 κλῆμα.
1020 1892 1075 1954 καί
1094 1885 1132 1956 ού

101 1992 202 2077 μόνον
218 2016 255 2078 γε
272 1989 350 2070 τοὺς
366 1991 524 2074 τυχόντας
541 1987 661 2072 ἀδικεῖ,
690 1988 758 2057 ἀλλ’
773 1987 835 2078 ήδη
858 1994 914 2057 καὶ
931 1996 978 2076 τῷ
1000 1991 1132 2076 μεγάλῳ

99 2097 242 2181 βασιλεῖ,
263 2085 289 2180 ᾧ
308 2097 364 2160 καὶ
380 2101 438 2182 γήν
456 2097 511 2161 καὶ
528 2095 705 2161 θάλασσαν
723 2090 808 2175 εἶξαί
825 2117 909 2181 φασι
927 2095 1058 2179 ’καὶτῆς
1075 2089 1135 2158 αῦ-

99 2204 167 2266 τιῦν
184 2197 318 2285 φύσεως
337 2195 500 2284 ἐκστῆναι,
526 2195 566 2264 τὸ
585 2198 621 2264 δέ
642 2200 698 2264 καλ
719 2197 826 2283 τούτῳ
850 2195 1061 2281 ἐπιβουλεύει
1077 2196 1133 2261 καὶ

99 2307 210 2388 Κῦρον
232 2296 333 2365 αύτὸν
355 2295 434 2365 ὄντα
454 2301 556 2386 Τῦρόν
578 2325 651 2368 τινα
673 2296 851 2387 ἀπέφηνεν.
888 2294 975 2366 ούτω
997 2300 1057 2383 μὲν
1076 2288 1132 2365 οὖν
1153 2320 1184 2368 12

100 2399 181 2471 ὅσον
192 2400 226 2480 ἐς
239 2399 350 2490 φωνὴν
365 2398 569 2488 ἀνθρώπους
582 2399 703 2469 ἀδικεῖ·
723 2401 805 2490 ἐ’ργιμ
821 2402 857 2471 δὲ
869 2408 960 2484 πιῦς,·
978 2402 1133 2469 κλάουσιν

100 2503 281 2593 ἀνθρωποι
290 2501 411 2590 καὶτήν
420 2500 527 2571 αῦτιῦν
536 2504 633 2589 τύχην
643 2500 816 2593 ὀδύρονται
829 2506 885 2569 καὶ
893 2505 1019 2590 Κάδμῳ
1033 2529 1134 2570 κατα-

99 2614 225 2696 ρώνται
245 2606 419 2685 πολλάκις,
448 2601 557 2672 ὅτιτὸ
575 2611 635 2671 ταῦ
654 2603 688 2685 ές
709 2603 748 2672 τὸ
766 2612 832 2672 τιῦν
854 2610 1024 2687 στοιχείων
1041 2610 1133 2690 γένος
1200 2655 1203 2658 >

99 2712 288 2800 παρήγαγε·
315 2716 363 2797 τῷ
380 2707 443 2799 γδιρ
464 2710 583 2777 τούτου
606 2709 739 2792 σώματί
755 2733 842 2798 φασι
856 2707 936 2787 τοῦς
957 2708 1134 2794 τυράννους

99 2811 395 2901 ἀκολουθήσαντας
425 2815 481 2880 καὶ
509 2815 757 2899 μιμησαμένους
787 2807 889 2879 αύτοῦ
920 2808 958 2878 τὸ
993 2808 1134 2895 πλάσμα

100 2916 220 2984 ἔπειτα
246 2915 388 3002 σχήματι
414 2916 556 3003 τοιούτῳ
584 2916 666 2996 ξύλα
690 2914 904 3003 τεκτήναντας
930 2910 1134 3001 ἀνθρώπους

101 3015 374 3098 ἀνασκολοπίζειν
397 3014 447 3086 ἐπ’
464 3014 564 3105 αύτά·
592 3013 662 3084 ἀπὸ
681 3014 721 3106 δή
744 3019 863 3085 τούτου
881 3018 938 3084 καὶ
953 3017 1133 3107 τηῦμεχνή-

99 3146 181 3206 ματι
199 3128 246 3208 τῷ
264 3127 400 3209 πονηροῦ
416 3119 476 3209 τήν
488 3118 635 3210 πονηράν
649 3119 838 3207 ἐπωνυμίαν
851 3122 1034 3190 συνελθεῖν.
1056 3119 1135 3188 τού-

99 3248 166 3291 των
194 3214 250 3291 οὖν
277 3220 432 3291 ἁπάντων
455 3222 547 3291 ἕνεκα
567 3224 684 3292 πόσων
705 3224 862 3292 θανάτων
887 3221 926 3291 τὸ
952 3229 1013 3293 ταῦ
1041 3220 1133 3305 ἀξιον

101 3323 188 3394 εἶναι
205 3327 370 3411 νομίζετε,·
396 3323 459 3413 ἐγώ
481 3327 540 3411 μὲν
562 3325 624 3415 γὰρ
644 3324 738 3415 οἶμαι
756 3328 893 3406 δικαίως
913 3332 1017 3392 τοῦτο·
1032 3325 1133 3410 μόνον

101 3428 135 3508 ές
152 3428 212 3517 τήν
228 3435 288 3496 τοῦ
309 3434 371 3497 ταῦ
392 3435 555 3514 τιμωρίαν
575 3427 838 3510 ἀπολείπεσθαι,
864 3427 904 3495 τὸ
925 3417 1134 3514 τῷσχήματι
1197 3485 1201 3492 ,

100 3538 148 3619 τῷ
170 3528 273 3599 αὑτοῦ
295 3530 353 3620 τήν
376 3532 466 3618 δίκην
486 3528 658 3617 ἀποσχεῖν,
688 3530 706 3599 ὃ
729 3524 780 3619 δή
793 3527 934 3617 σταυρὸς
956 3525 1041 3595 εἶναι
1063 3523 1133 3594 ἀπὸ

99 3634 219 3703 τούτου
246 3634 308 3720 μὲν
329 3633 589 3723 έδημιουργήθη,
625 3632 694 3703 ἀπὸ
724 3634 761 3701 δὲ
792 3629 982 3721 ἀνθρώπων
1012 3626 1135 3717 ἀνομά-

101 3737 202 3819 ζεται.
