2752 4632
442 212 508 267 xn.
529 212 674 267 ΧΑΡΩΝ
695 213 781 268 ε-υ.
1065 198 1129 266 175

93 317 275 410 ἀποκρίνου
302 315 477 408 ἐρωτῶντι.
521 312 590 384 ἀλλ’
614 316 645 384 εί
674 316 807 403 βούλει,
843 313 934 405 κόγώ
959 316 1043 385 κατὰ
1072 317 1128 387 τὸν

93 419 233 512 ’Όμηρον
255 419 417 509 ἐρήσομαί
437 443 488 502 σε,
516 414 563 500 τός
582 419 699 508 μάθῃς
717 415 790 488 οὐδ’
811 415 911 488 αότὸν
933 417 1129 511 ἀμελέτητον

93 521 174 595 ὄντα
190 549 234 610 με
251 529 318 591 τῶν
331 518 476 611 Ὁμήρου

143 642 233 700 Em
263 627 338 694 Καὶ
355 626 466 694 πόθεν
485 620 525 693 σὺ
544 623 627 709 ἔχεις
643 650 678 693 τι
695 630 761 693 τῶν
775 623 842 692 ίκεί
828 630 897 693 ίνου
916 622 1038 692 εἰδέναι
1050 626 1129 693 ναύ-

90 757 152 820 της
170 728 223 797 ἀεὶ
240 731 296 797 καὶ
312 727 517 818 πρόσκωπος
534 723 596 810 ω’νς

144 847 229 903 XAP.
265 831 371 921 Ὁρᾷςς
362 826 603 898 ·όνειδιστικδν
620 835 719 897 τούτο
737 827 820 910 ές
786 856 845 918 την
861 834 981 918 τέχνην,
1010 829 1073 918 ἐγὼ
1093 833 1129 899 δὲ

91 931 199 1003 ὁπότε
222 933 470 1023 διεπόρθμευον
493 928 592 1000 αύτδν
614 928 846 1013 ἀποθανόντα,
874 930 983 1000 πολλὰ
1010 936 1129 1023 ῥαψῳ-

91 1038 230 1117 δοῦντος
247 1033 393 1114 ἀκούσας
410 1033 502 1103 ένίων
520 1034 569 1103 ἔτι
585 1040 766 1122 μέμνημαι·
783 1040 892 1104 καίτοι
902 1033 1025 1120 χειμὼν
1042 1033 1129 1124 ἡμᾶς

90 1136 133 1209 ού
150 1136 268 1227 μικρὸς
283 1137 361 1206 τότε
375 1139 627 1225 κατελάμβανεν.
664 1137 739 1206 ἐπεὶ
755 1136 817 1228 γὰρ
835 1134 956 1226 ἤρξατο
979 1133 1070 1229 ᾅδειν
1089 1137 1126 1207 ού

89 1243 182 1311 πάνυ
210 1241 320 1310 αἰλτιόν
346 1266 421 1309 τινα
447 1236 534 1329 ᾠδὴν
555 1253 627 1321 τοῖς
647 1243 819 1322 πλέουσιν,
849 1237 894 1321 ιός
916 1237 935 1308 ό
956 1244 1129 1311 Ποσειδῶν

89 1345 252 1435 συνήγαγε
268 1341 329 1423 τὰς
346 1345 486 1432 νεφέλας
502 1346 558 1411 καὶ
571 1342 708 1433 έτύραξε
723 1342 782 1411 τὸν
799 1345 922 1412 πόντον
940 1339 1054 1433 ὥσπερ
1072 1368 1129 1412 το-

89 1443 190 1536 ρύνην
206 1445 280 1515 τινὰ
298 1444 448 1532 ἐμβαλὼν
464 1445 522 1534 τὴν
538 1453 687 1534 τρίαιναν
704 1448 760 1513 καί
776 1447 890 1527 πόσας
906 1445 966 1527 τὰς
983 1449 1129 1528 θυέλλας

91 1547 248 1638 ὠρόθυνε
263 1551 319 1616 καὶ
338 1546 422 1615 όὶλλα
438 1546 562 1629 πολλὰ,
589 1554 693 1615 κυκῶν
711 1546 770 1636 τὴν
786 1550 959 1616 θάλατταν
976 1548 1044 1617 ύπὸ
1062 1557 1129 1618 τῶν

92 1651 197 1733 ἐπῶν,
215 1649 337 1736 χειμὼν
356 1647 450 1740 δι’φνω
468 1655 523 1717 καί
539 1650 663 1738 γνόφος
681 1648 834 1734 ἐμπεσών
852 1648 961 1739 ὀλίγον
982 1655 1049 1720 δεῖν
1066 1679 1128 1721 πε-

88 1759 265 1844 ριέτρεψεν
281 1749 359 1841 ἡμῖν
375 1751 434 1840 τὴν
451 1759 544 1820 ναῦν·
567 1747 708 1841 ὅτεπερ
730 1756 786 1819 καὶ
806 1749 986 1833 ναυτιάσας
1007 1754 1128 1835 ἐκεῖνος

92 1854 245 1945 ἇπήμεσε
269 1862 336 1923 τῶν
362 1856 545 1944 ῥαψῳδιῶν
570 1853 630 1935 τὰς
656 1853 782 1935 πολλὰς
813 1854 895 1946 αὐτῇ
920 1858 1046 1946 Σκύλλη
1071 1861 1128 1925 καὶ

91 1960 261 2049 Χαρύβδει
278 1961 333 2028 καὶ
350 1959 518 2028 Κύκλωπι.
554 1955 594 2027 ού
609 1957 755 2043 χαλεπὸν
774 1949 831 2027 οὖν
853 1950 892 2046 ἦν
910 1957 944 2026 ἐκ
965 1959 1126 2028 τοσούτου
1186 1980 1190 1987 “

92 2059 209 2149 ἐμέτου
228 2061 323 2149 ὀλίγα
340 2067 417 2149 γοῦν
436 2062 679 2151 διαφυλάττειν.
717 2062 792 2129 εἰπὲ
808 2063 870 2150 γάρ
888 2082 963 2147 μοι·
1144 2081 1160 2131 8

178 2171 231 2244 τίς
247 2162 309 2254 γὰρ
328 2160 379 2232 δ’δ’
396 2163 467 2232 έστλ
484 2164 645 2247 πύχιστος
663 2161 742 2255 ἀνὴρ
760 2161 819 2255 ἠΰς
836 2190 872 2232 τε
888 2170 990 2252 μέγας
1006 2190 1056 2247 τε,
1263 2170 1269 2180 ’

180 2266 292 2352 ἐ’ξοχος
310 2264 501 2356 ἀνθρώπων
517 2265 661 2357 κεφαλὴν
678 2271 733 2335 καὶ
751 2264 866 2357 εύρέας
883 2264 1010 2354 νόμουςς

142 2377 229 2433 ΕΡΜ.
267 2371 381 2436 Μίλων
400 2359 496 2450 οὗτος
518 2365 536 2437 ό
555 2369 590 2437 ἐκ
606 2369 780 2456 Κρότωνος
797 2369 956 2459 ἀθλητής.
993 2369 1127 2457 ἐπικρο-

90 2479 189 2542 τοῦσι
206 2468 238 2540 δ’
255 2469 344 2560 αύτῷ
363 2472 396 2540 οἱ
406 2467 567 2561 Ἕλληνες,
587 2466 641 2540 ότι
654 2471 710 2540 τὸν
722 2471 1019 2563 ταῦρονόιρύμενος
1032 2480 1128 2562 φέρει

93 2574 152 2645 διὰ
169 2581 229 2642 τοῦ
248 2576 384 2643 σταδίου
402 2580 517 2660 μέσου.

142 2693 230 2750 ΧΑΡ.
268 2681 335 2746 Καὶ
352 2678 451 2766 πόσῳ
470 2677 673 2767 δικαιότερον
690 2673 730 2745 ἂν
749 2675 819 2763 ἐμὲ,
847 2668 1001 2766 ὦἙρμη,
1030 2675 1127 2743 ἐπαι-

90 2794 193 2864 νοῖεν,
213 2780 251 2861 ὃς
269 2778 368 2849 αὐτόν
386 2805 441 2849 σοι
457 2779 516 2848 τὸν
523 2784 660 2848 Μίλωνα
676 2777 745 2865 μετ’
761 2776 871 2867 ὀλίγον
889 2778 1059 2866 συλλαβὼν
1078 2780 1127 2847 ἒν-

91 2885 247 2972 θήσομαι
270 2882 303 2964 ἐς
324 2880 363 2952 τὸ
387 2885 576 2972 σκαφίδιον,
606 2880 734 2954 δπότοιν
755 2878 815 2973 ἥκῃ
837 2882 923 2969 πρὸς
947 2879 1034 2970 ἡμᾶς
1059 2880 1126 2953 ὕπὸ

91 2992 153 3054 τοῦ
184 2982 436 3054 ἆναλωτοτότου
464 2992 531 3054 τῶν
561 2981 809 3072 όινταγωνιστιόν
838 2988 1127 3066 καταπαλαισθεὶς

91 3093 151 3156 τοῦ
172 3088 318 3155 θανάτου
323 3140 332 3170 ,
352 3089 435 3176 μηδὲ
453 3090 560 3169 συνεὶς
577 3084 673 3169 ὅπως
685 3086 785 3157 αότὸν
802 3084 1026 3173 όποσκελίζει;
1042 3079 1127 3178 κᾷτα

93 3189 273 3274 οἰμώξεται
290 3186 368 3279 ἡμῖν
386 3189 509 3279 δηλαδὴ
526 3196 728 3279 μεμνημένος
739 3197 805 3258 τῶν
818 3192 989 3280 στεφάνων
1001 3191 1127 3258 τούτων

90 3295 230 3360 καὶτοῦ
251 3293 386 3381 κρότου·
416 3300 470 3360 νῦν
493 3294 530 3363 δὲ
550 3299 634 3381 μέγα
656 3305 774 3383 φρονεῖ
793 3293 1047 3378 θαυμαζόμενος
1069 3290 1129 3359 ἐπὶ

89 3401 131 3484 τῇ
149 3400 209 3461 τοῦ
230 3395 353 3485 ταύρου
371 3402 471 3485 φορᾷ.
506 3401 541 3463 τί
563 3386 662 3463 δὀύν
684 3395 871 3483 οίηθῶμενς
897 3386 964 3483 όιρα
984 3393 1127 3476 ἐλπίζειν

90 3494 195 3565 αύτὸν
211 3500 266 3565 καὶ
283 3498 509 3587 τεθνήξεσθαί
524 3523 625 3580 ποτε,·

143 3614 230 3670 ΕΡΜ.
265 3599 379 3668 Πόθεν
397 3598 517 3680 ἐκεῖνος
535 3600 684 3668 θανάτου
701 3605 757 3667 νῦν
773 3599 1022 3688 μνημονεύσειεν
1040 3595 1127 3667 <mv
1168 3587 1170 3591 ¹

90 3697 180 3790 εἰκμῇ
198 3702 359 3791 τοσαύτης

143 3819 231 3876 XAP.
261 3800 324 3873 Ἔα
333 3810 450 3872 τοῦτον
463 3800 520 3871 οόκ
531 3802 564 3883 ές
575 3801 702 3890 μακρὰν
709 3807 836 3891 γέλωτα
843 3800 922 3893 ἡμῖν
930 3806 1123 3891 παρέξοντα,

90 3902 222 3975 ὁπόταν
240 3909 323 3996 πλέη
341 3904 418 3995 μηδ’
435 3905 563 3992 έμπίδα
573 3903 650 3996 ἡμῖν
664 3902 721 3989 σόχ
736 3901 830 3987 ὅπως
846 3913 967 3997 ταῦρον
981 3906 1029 3976 ἔτι
1043 3902 1125 3997 δόρα-

90 4017 185 4081 σθαι
200 4009 387 4096 δυνάμενος.
424 4009 463 4079 σὺ
483 4011 521 4078 δέ
535 4036 595 4098 μοι
614 4007 716 4079 έκεῖνο
734 4008 824 4094 εἰπέ,
1142 4032 1157 4080 ε
