2740 4648
430 262 497 318 xx.
521 262 781 319 κεκοτικοε
802 262 888 319 τ-ε,
1106 252 1171 323 281

137 366 263 459 δηλαδὴ
286 368 343 435 καλ
364 364 577 457 ἀνακουφίζει
598 364 685 457 πρὸς
706 363 805 436 αὖτόν
831 368 945 436 τεκαὶ
966 366 1026 458 τὴν
1053 365 1172 462 ἀρετὴν

138 469 241 552 αάτδς
257 468 325 558 πρὸ
343 472 470 555 πολλοῦ
490 466 710 558 ἀναβεβηκώς.

190 588 276 646 ΕΡΜ
311 567 402 643 Λότὸ
421 571 572 662 ἔφησθα,
598 562 625 639 ὦ
647 582 777 656 Λυκῖνε,
801 571 840 642 τὸ
863 573 1067 661 γιγνόμενον·
1091 571 1171 647 ὅσον

135 682 216 767 γοῦν
238 672 291 743 ἐπ’
307 672 419 762 ἐκείνῳ
440 674 549 743 πάλαι
571 670 611 743 ἀν
633 673 807 764 ἐσπάσμην
828 671 897 745 ἀνω
918 679 974 743 καὶ
993 683 1090 767 συνὴν
1112 675 1171 748 αό-

136 792 220 861 τοῖς,
239 774 330 860 τὸδ’
347 775 462 862 έμδν”
443 803 492 847 ετι
510 776 606 846 ἐνδεῖ.

188 896 274 953 ΛΥΚ
305 876 400 950 ’Λλλά
421 888 560 1005 θαρρεῖν
579 879 639 970 χρὴ
660 882 718 948 καὶ
727 879 892 1006 θυμδν”
872 900 956 965 εχειν
982 880 1119 970 ἀγαθὸν
1135 881 1206 965 έςτ
1309 876 1311 881 ’

3 1028 4 1031 =
127 981 178 1071 ,τδ
196 986 291 1063 τέλος
307 989 365 1071 τὴς
382 979 500 1052 δδοῡί
483 989 611 1073 ορῶντα
628 986 684 1051 καὶ
701 981 759 1071 τὴν
777 979 846 1052 ἀνα
865 982 1091 1069 εόδαιμονίαν,
1114 988 1198 1055 καλ

136 1087 287 1175 μάλιστα
313 1084 435 1154 ἐκείνου
465 1076 824 1257 συίμπροθομουμένοο.
868 1084 969 1176 πλὴν
985 1084 1071 1155 ἀλλά
1096 1092 1171 1157 τίνα

138 1212 196 1259 σοι
226 1187 304 1256 έλπί
304 1185 394 1256 δα*
375 1195 511 1278 υποφαί
510 1214 558 1258 νει
589 1186 635 1269 ὥς
667 1187 707 1278 δὴ
733 1189 818 1257 πότε
850 1186 1102 1278 ἀναβησομένῳς
1136 1188 1172 1272 ές
1236 1207 1239 1211 ·

136 1296 244 1360 νέωτα
269 1287 385 1380 ᾔκαζεν
411 1290 529 1360 έπὶτὸ
557 1288 656 1381 ἀκρον
683 1291 826 1360 ’έσεσθαί
847 1317 898 1375 σε,
927 1290 997 1369 οῖον
1021 1291 1107 1380 μετὰ
1127 1292 1171 1362 τὰ

136 1393 305 1483 μυστήρια
320 1393 363 1461 τὰ
378 1396 507 1481 μεγάλα
523 1392 545 1482 ὴ
562 1395 801 1483 Παναθήναιας

191 1513 278 1569 ΕΡΜ.
310 1493 429 1584 Ὀλίγον
448 1495 527 1585 φὴς,
548 1489 575 1562 τό
593 1510 723 1566 Λυκῖνε.

189 1614 273 1670 ΛΥΚ,
305 1596 385 1669 Ἀλλ’
401 1598 509 1688 έςτὴν
527 1598 601 1686 έξὴς
619 1597 828 1683 ὀλυμπιάδας

189 1717 276 1773 EPM.
290 1704 376 1770 Καὶ
397 1708 495 1769 τοῦτο
518 1699 572 1770 ἀλί
558 1708 627 1789 ίγον
646 1698 691 1781 ὥς
713 1700 799 1790 πρὸς
816 1700 933 1792 ἀρετὴς
955 1699 1093 1794 ἄσκησιν
1115 1705 1171 1775 καὶ

138 1798 351 1889 εὐδαιμονίας
367 1810 491 1893 κτῆσιν.

189 1921 274 1978 ΛΥΚ
313 1904 407 1975 Μετὰ
425 1907 484 1975 δόο
501 1906 619 1996 μὲνδὴ
641 1880 853 1992 όλυμπιάδας
874 1907 1023 1986 πάντως·
1046 1905 1171 1995 ὴπολ-

136 2005 271 2099 &W
248 2036 289 2078 αν
297 2035 390 2094 αμων
399 2012 568 2100 ρᾳθυμίαν
577 2014 752 2134 καταγνρίη
762 2035 822 2091 τις,
842 2033 872 2076 ει
863 2006 963 2099 Ημηδ
975 2008 1008 2076 έν
1020 2012 1169 2098 τοσούτῳ

133 2111 244 2200 χρόνῳ
271 2108 465 2181 δόνασθε”
444 2136 523 2203 οσον
549 2110 667 2201 τρλς’
647 2111 718 2180 απὸ
741 2108 889 2200 Ἡρακλεῖ
889 2137 934 2179 ων
965 2115 1092 2202 στηλῶν
1123 2112 1171 2191 τίς

132 2211 253 2296 Ἰνδοὺς
262 2212 435 2298 ἀπελθεῖν,
455 2212 511 2285 εἶτ’
523 2215 852 2306 έπανελθεῖνρᾴδιον,
873 2216 903 2283 εδ
915 2213 1023 2302 καὶμὴ
1035 2212 1171 2282 εὐθεῖαν

134 2314 215 2406 μηδ’
226 2314 280 2386 ἀεὶ
296 2319 428 2404 βαδίζοι
444 2344 505 2401 τις,
525 2316 639 2387 ἀλλ’έν
656 2332 727 2398 τοῖς
745 2317 802 2387 δεδι
819 2324 923 2404 μέσον
942 2317 1056 2386 έθνεοι
1074 2342 1171 2406 περι-

1 2485 2 2502 2
134 2421 360 2506 πλανώμενος.
396 2427 506 2489 καίτοι
527 2422 626 2510 πόσῳ
652 2423 718 2488 τινλ
742 2423 858 2506 βοόλιι
884 2419 1093 2510 ὑψηλοτέραν
1114 2422 1170 2488 καλ

135 2525 330 2613 λισσοτέρον
337 2529 454 2610 θῶμεν
463 2521 613 2611 εἶναιτὴν
626 2519 737 2610 ἀκραν,
756 2520 807 2612 ἐφ’
818 2514 857 2611 ἧς
870 2520 1061 2611 δμῖνΛραὴ
1076 2523 1168 2602 οἰκεῖ,

1 2655 2 2678 ³
134 2631 197 2713 τῆς
209 2623 339 2717 Λόρνοα
358 2626 425 2695 έκεί
411 2633 493 2715 ίνης,
516 2625 555 2715 ὴν
573 2623 663 2703 ἐντὸς
680 2621 735 2692 ἀλί
721 2630 799 2711 ίγαν
820 2622 949 2713 ὴμερῶν
963 2621 1170 2712 Ἀλέξανδρος

135 2726 222 2796 κατὰ
237 2731 357 2817 κρότος
374 2728 475 2813 εἶλονς

187 2848 273 2904 EPM.
310 2829 449 2902 οόδλν”
428 2857 557 2920 ομοιον,
583 2824 610 2900 ὦ
628 2843 763 2913 Λυκῖνε,
788 2828 859 2899 οὐδ’
877 2829 1002 2899 έστι
969 2858 1008 2899 το
1031 2837 1205 2920 πρᾶγμασ

133 2942 288 3007 τοιοῦτον
302 2934 421 3004 οἶον
386 2961 426 3004 σο
443 2933 636 3018 εἰκόζιις,ς
610 2962 657 3017 ως
671 2932 725 3004 δλί
723 2959 771 3022 γηι
783 2934 890 3023 χρόνῳ
904 2939 1170 3023 κατεργασθῆναι

134 3040 192 3105 καλ
219 3035 358 3121 ἁλῶναι,
391 3036 506 3107 οὐδ’
483 3067 523 3107 αν
547 3045 663 3128 μυρίοι
684 3035 889 3127 Αλέξανδροι
918 3038 1170 3127 προσβάλωσιν·

134 3137 211 3207 ἐπεὶ
228 3141 350 3207 πολλοὶ
368 3137 407 3208 ἀν
425 3142 458 3208 ολ
475 3140 620 3222 ἀνιόντες
637 3132 730 3230 ἦσαν.
765 3148 821 3210 νῦν
844 3142 880 3208 δὲ
898 3139 1088 3229 ἐνάρχονται
1110 3139 1170 3223 μέν

106 3310 111 3319 ,
135 3238 196 3310 οὐκ
213 3239 320 3327 ὀλίγοι
336 3242 427 3326 μάλα
445 3242 635 3331 ἐρρωμένως
652 3247 709 3310 καὶ
726 3249 965 3330 προσέρχονται
979 3241 1037 3308 έπλ
1049 3239 1168 3323 ποσὸν,

135 3342 171 3411 οἱ
186 3343 246 3428 μὲν
265 3342 323 3410 ἐπὶ
339 3344 427 3411 πάνυ
447 3341 564 3431 ὀλίγον,
586 3344 618 3409 ol
632 3345 668 3411 δὲ
682 3343 739 3410 ἐπὶ
752 3347 862 3425 πλέον,
883 3342 1018 3411 ἐπειδὰν
1032 3343 1068 3410 δέ
1086 3339 1170 3408 κατὰ

133 3450 238 3534 μέσην
254 3443 312 3533 τὴν
330 3442 409 3513 δδδν
426 3451 585 3533 γένωνται,
594 3448 733 3523 πολλοῖς
744 3458 816 3525 τοῖς
830 3443 973 3532 ἀπόροις
985 3446 1041 3513 καὶ
1056 3446 1171 3526 δυσχε-

1 3605 2 3608 ,
134 3553 226 3636 ρέσιν
244 3547 488 3634 ἐντυγχάνοντες
505 3545 779 3616 ἀποδυσπετοῦσί
790 3573 826 3616 τε
839 3551 894 3614 καὶ
907 3545 1171 3635 ἀναστρέφουσιν

135 3646 380 3736 ἀσθμαίνοντες
396 3653 452 3718 καὶ
470 3651 586 3737 ἱδρῶτι
603 3651 768 3741 ῥεόμενοι,
792 3646 832 3719 οά
856 3654 1011 3740 φέροντες
1031 3647 1090 3716 τὸν
1110 3648 1171 3715 κά-

133 3770 251 3838 ματον.
285 3748 362 3822 όσοι
380 3751 412 3821 δ’
424 3749 464 3822 ἀν
482 3752 516 3834 ές
532 3756 627 3833 τέλος
644 3753 957 3843 διακαρτερήσωσιν,
974 3742 1067 3820 οὗτοι
1083 3749 1171 3840 πρὸς

135 3850 176 3920 τό
199 3850 297 3941 ἀκρον
324 3853 550 3947 ἀφικνοῦνται
564 3859 621 3925 καλ
645 3855 686 3924 τδ
713 3852 772 3924 ἀπ’
787 3855 909 3925 ἐκείνου
937 3851 1171 3940 εόδαιμονοῠσι

135 3958 331 4041 θαυμάσιόν
347 3986 422 4028 τινα
437 3965 511 4046 βίον
528 3956 587 4028 τὸν
600 3956 719 4028 λοιπόν
732 3965 892 4046 βιοῦντες,
912 3956 983 4027 οἷον
998 3957 1171 4048 μύρμηκας

134 4053 209 4126 ἀπὸ
226 4065 286 4127 τοῦ
302 4056 412 4150 δίψους
428 4061 687 4143 ἐπισκοποῦντές
702 4087 796 4144 τινας
812 4060 891 4144 τοὺς
908 4059 1039 4143 ἀλλους.
