2752 4632
451 264 515 323 XV.
540 266 700 323 ΑΔΙΕΥΣ
721 269 775 323 2-
781 268 807 324 5.
1077 260 1153 327 207·

156 386 268 445 nm.
299 366 379 439 Αλλ’
395 366 519 458 οδδδὴι
520 382 581 453 ιεῖς
594 368 806 462 ἀπορήσομεν
822 372 944 510 πρδςσ
944 371 1141 469 δὉμηρικῆς

104 471 255 599 ἀντιλυγί
254 499 303 552 ας.
340 468 439 541 ἀκουε
455 479 550 560 γοῦν·

192 602 238 666 μη
223 575 298 701 δη’
314 600 374 661 μοι
391 576 490 665 φόξιν
506 601 556 665 γε,
574 577 746 706 κακηγόρε,
764 579 887 666 βάλλεο
903 586 1006 670 θυμῷ

192 678 313 770 χρυσόν
330 702 395 769 περ
413 680 521 762 λέξας,
542 678 652 748 έίπεί
648 706 703 749 κεο
718 693 831 771 χεῖρας
849 680 883 761 ές
900 679 999 768 ἀμάς.

157 797 270 857 ΛΟΥΚ
307 781 405 868 θ’ίμοι
416 787 483 850 ταῖν
496 789 612 851 κακῶν.
631 779 650 851 δ
658 780 860 873 μέυὉμηρος
872 781 949 875 ἡμῖν
963 782 1142 877 ἀπρακτος,

104 883 127 978 ἦ
141 891 278 974 μεγίστη
293 882 398 964 ἐλπίς.
426 882 485 953 έπλ
495 884 553 954 τόν
561 882 746 976 Εὐριπίδην
761 887 800 977 δή
813 912 873 973 μοι
885 890 1141 979 καταφευκτέον·

104 989 192 1075 τάχα
208 985 271 1076 γὰρ
289 982 330 1054 ἀν
348 985 471 1068 έκεῖνος
486 987 608 1056 σωόειέ
622 1013 674 1075 με.

232 1089 278 1180 μὴ
295 1102 414 1159 κτεῖνε·
431 1088 489 1159 τὸν
507 1090 613 1178 ἱκέτην
628 1091 690 1179 γάρ
710 1088 748 1161 οά
766 1096 869 1178 θέμις
885 1106 1022 1164 κτανεῖν.

158 1208 270 1267 nm.
309 1197 349 1260 Τί
366 1189 412 1278 (5³,-
435 1189 506 1276 οάχὶ
522 1189 654 1261 κάκεῖνα
670 1191 858 1284 Εὐριπίδου
877 1195 974 1280 ἐστίν,

239 1292 277 1363 οὗ
297 1293 389 1363 δεινδι
405 1295 545 1379 πάσχειν
564 1292 655 1364 δεινὰ
672 1296 751 1377 τοὺς
768 1297 1014 1385 είργασμένουςς

91 1482 99 1503 Ι
159 1413 273 1472 ΔΟΥΚ.
306 1404 377 1466 Νῦν
395 1388 451 1466 οὗν
470 1397 560 1466 ἕκατι
578 1399 731 1488 ῥημάτων
749 1403 889 1467 κτενεῑτί
899 1398 963 1486 ’μσς

159 1515 280 1573 ΠΛΑΤ.·
304 1500 357 1591 Νὴ
374 1505 455 1569 Δία·
479 1503 563 1590 φησὶ
578 1506 657 1588 γοῦν
675 1500 796 1583 ἐκεῖνος
813 1499 927 1586 αάτδς,

402 1599 563 1686 ἀχαλίνων
582 1604 756 1689 στομάτων

316 1744 319 1751 ·
403 1702 528 1790 ἀνόμου
545 1702 573 1772 τ’
594 1701 785 1795 ἀφροσύνας

402 1805 442 1875 τὸ
459 1810 554 1887 τέλος
572 1808 739 1891 δυστυχία.

161 1926 274 1986 ΛΟΥΚ.
311 1907 434 2007 Οὖκοῦν
447 1910 521 1979 έπεί
535 1911 687 1979 δέδοκται
698 1911 832 1991 πάντως
846 1908 1077 1983 ἀποκτιννύναι
1088 1917 1180 1983 καίι
1217 1958 1225 1973 ι
1276 1980 1279 1985 ,

112 2012 252 2102 οὐδεμία
263 2012 388 2104 μηχανὴ
401 2012 440 2082 τὸ
457 2015 629 2104 διαφυγεῖν
640 2038 692 2100 με,
712 2018 806 2105 φέρε,
825 2020 924 2082 τοῦτο
936 2021 1015 2103 γοῦν
1029 2015 1147 2084 ε’ίπατί

108 2144 185 2207 μοι,
206 2118 324 2197 οἵτινες
342 2112 434 2196 όντες
448 2111 471 2205 ἢ
487 2122 523 2184 τί
538 2116 751 2197 πεπονθότες
764 2113 939 2207 ἀνήκεστον
955 2115 1042 2206 πρὸς
1054 2114 1146 2207 ἡμῶν

111 2218 286 2308 ἀμείλικτα
304 2216 477 2307 ὀργίζεσθε
493 2222 550 2286 καί
567 2216 626 2288 ἐπὶ
642 2220 780 2309 θανάτῳ
798 2246 840 2306 με
858 2223 1090 2312 συνειλήφατες

164 2338 276 2394 ΠΛΑΤ.
309 2317 416 2391 Ῑέίτινα
436 2321 496 2407 μέν
518 2321 669 2411 ε’ίργασαι
694 2320 782 2412 ἡμᾶς
801 2321 845 2391 τὰ
865 2318 961 2394 ’δεινὰ
1008 2322 1146 2394 σεαυτόν

113 2424 236 2514 έριότα,
264 2414 292 2491 ὦ
309 2423 456 2507 κάκιστε,
478 2426 535 2491 καί
550 2423 628 2505 τοὺς
643 2424 763 2505 καλοὺς
780 2423 922 2507 ἐκείνους
940 2452 999 2496 σου
1018 2426 1145 2515 λόγους,

112 2527 150 2597 δν
166 2525 217 2607 οίς
235 2529 439 2617 φιλοσοφίαν
455 2550 492 2594 τε
510 2522 610 2615 αάτὴν
626 2534 733 2607 κακῶς
750 2524 902 2618 ἠγόρευες
921 2532 978 2596 καί
995 2529 1043 2609 είς
1060 2525 1147 2617 ἡμᾶς

111 2625 244 2719 ὕβριζες
270 2625 384 2716 ὥσπερ
411 2626 448 2710 έξ
467 2626 589 2719 ἀγορᾶς
610 2626 846 2718 ἀποκηρύττων
867 2629 994 2722 σοφοὺς
1015 2626 1145 2719 ἀνδρας,

111 2731 217 2801 καὶτὸ
225 2737 388 2819 μέγιστον,
400 2730 609 2818 ἐλευθέρους·
624 2728 675 2822 ἀφ’
688 2731 738 2813 οἷς
747 2729 1025 2820 ἀγανακτήσαντες
1034 2729 1149 2820 ἀνελη-

113 2836 265 2920 λύθαμεν
279 2833 337 2901 ἐπὶ
350 2836 388 2902 σὲ
401 2834 687 2924 παραιτησάμενοι
699 2834 785 2923 πρὸς
800 2832 908 2923 ὀλίγον
920 2832 1146 2920 τὸνόίῑδωνέα,

112 2937 318 3027 Χρύσιππος
335 2933 449 3004 οδτυολ
466 2940 522 3004 καὶ
535 2933 728 3027 Ἐπίκουρος
744 2942 800 3006 καί
818 2934 836 3006 δ
853 2938 994 3007 Πλάτων
1012 2936 1075 3025 ἐγὼ
1093 2941 1149 3005 καὶ

110 3038 337 3128 Ἀριστοτέλης
354 3037 493 3107 ἐκεινοσὶ
509 3043 565 3107 καὶ
583 3036 601 3109 δ
617 3048 754 3109 σιωπῶν
769 3031 865 3121 οὗτος
873 3042 1077 3131 Πυθαγόρας
1092 3043 1149 3108 καί

115 3140 137 3213 δ
154 3148 311 3232 Διογένης
327 3144 383 3209 καί
400 3137 544 3222 άπαντες
562 3138 662 3223 όσους
678 3145 827 3233 διέσυρες
845 3143 878 3212 ἓν
894 3156 966 3224 τοῖς
984 3144 1105 3233 λόγοις.

168 3259 280 3317 ΔΟΥΚ
310 3241 521 3313 Ϊίνέπνευσα·
541 3242 577 3312 οὗ
591 3242 653 3333 γὰρ
668 3243 878 3314 ἀποκτενεῖτέ
888 3244 943 3332 με’,
963 3243 1003 3336 ἢν
1014 3247 1149 3334 μάθητε
1167 3265 1183 3315 5

116 3345 238 3428 ὁποῖος
256 3344 319 3437 έγώ
336 3350 415 3434 περὶ
431 3344 518 3432 ὑμᾶς
536 3346 703 3437 ἐγενόμην·
731 3343 816 3415 ὥστε
839 3344 1051 3437 ἀπορρίψατε
1072 3346 1151 3427 τοὺς

114 3454 251 3533 λίθους,
270 3453 394 3537 μᾶλλον
412 3450 449 3518 δὲ
466 3449 658 3540 φυλάττετε.
683 3448 851 3540 χρήσεσθε
863 3446 925 3536 γὰρ
940 3445 1053 3530 αὐτοῖς
1066 3445 1150 3516 κατὰ

114 3559 187 3623 τῶν
202 3550 313 3636 ἀξίων.

115 3658 122 3667 ’
169 3670 280 3727 ΠΛΑΤ.
313 3666 445 3747 Ληρεῖς.
485 3654 523 3722 σὲ
546 3654 582 3721 δὲ
602 3653 743 3744 τήμερον
762 3650 824 3744 χρὴ
846 3647 1068 3736 ἀπολωλέναι,
1095 3651 1151 3719 καί

114 3751 181 3849 δίο
197 3783 235 3848 ν8

222 3861 334 3930 λάϊνον
352 3860 430 3930 ἕσσο
446 3865 570 3945 χιτῶνα
585 3865 693 3928 κακῶν
711 3856 799 3943 ἕνεχ’,
819 3855 905 3928 όσσα
923 3858 1047 3948 έοργας.

169 3978 282 4037 ΛΟΥΚ.
316 3966 384 4032 Καὶ
400 3961 477 4054 μὴν,
497 3953 525 4030 ὦ
543 3959 687 4051 ἀριστοι,
707 3962 745 4032 δν
763 3962 856 4053 έχρῆν
872 3962 973 4049 μόνον
992 3962 1028 4045 ἐξ
1044 3956 1152 4030 ἀπάν-

116 4090 185 4135 των
203 4064 350 4136 ἐπαινεῖν
367 4065 488 4137 οἰκεῖόν
503 4063 635 4154 τεόμῖν
652 4063 731 4136 όντα
742 4070 797 4134 καὶ
812 4065 923 4136 εὔνουν
935 4070 991 4135 καί
1005 4061 1153 4155 όμογναί-
