2722 4646
212 239 256 309 58
599 247 882 306 οουιιιιυου,

210 357 300 428 πάνυ
319 351 523 445 ὀργισθεῖεν,
551 348 765 444 ῆκονδύλους
788 351 961 442 ἐνέτριψαν
982 347 1106 442 ῆκατᾶ
1126 350 1250 445 κόρρης

211 459 395 542 ἐπάταξαν,
413 455 683 546 ἀνεσκολοπίσθη
702 457 739 524 δέ
756 452 865 536 οάδεὶς
881 451 961 547 παρ’
975 452 1090 536 αύτοίς
1103 461 1175 524 τών
1189 483 1250 545 τη-

210 562 369 632 λικούτων
387 560 491 630 ἕνεκα.1
520 563 577 628 καὶ
589 561 668 650 περὶ
680 560 740 646 μὲν
750 565 818 628 τών
830 565 933 646 κρεών
945 564 1107 643 τοσαῦτα,
1126 556 1250 648 αἰσχρὰ

209 668 269 752 μὲν
294 661 396 750 κάμοὶ
426 660 687 751 ἀπολογεῖσθαι,
723 660 810 732 πολὺ
836 663 875 730 δέ
906 661 1024 747 αἰσχίω
1053 673 1251 751 κατηγορεῖν

160 790 191 839 11
211 765 334 855 ἐκείνῳ.
377 767 458 855 περὶ
475 765 512 834 δέ
528 772 587 855 τῆς
597 768 787 855 πλαστικῆς
803 766 859 833 καὶ
877 758 931 835 ὅτι
946 761 1025 843 τοὺς
1042 759 1251 854 ἀνθρώπους

75 892 78 901 “
210 868 368 959 ἐποίησα,
394 866 511 957 καιρὸς
527 863 590 957 ἤδη
608 871 723 956 λέγειν.
757 868 925 949 τοῦτοδὲ,
949 851 1106 957 ώἙρμῆ,
1134 863 1250 954 διττὴν

210 970 283 1057 ’ὄχον
307 969 366 1062 τῆν
391 976 601 1061 κατηγορίαν,
630 968 688 1040 οάκ
710 968 787 1040 ολδα
806 967 885 1039 καθ’
901 967 1063 1059 ὁπότερον
1086 967 1251 1039 αἰτιᾶσθέ

207 1098 289 1162 μον,
316 1073 446 1163 πότερα
468 1069 515 1151 ώς
537 1069 614 1141 οάδέ
636 1068 722 1154 ὅλως
743 1072 838 1164 ἐχρῆν
858 1069 938 1154 τοὺς
963 1068 1168 1162 ἀνθρώπους
1192 1096 1251 1160 γε·

208 1181 351 1267 γονέναι,
380 1170 449 1244 ἀλλ’
464 1172 597 1261 ἄμεινον
614 1166 653 1266 ήν
674 1171 827 1264 ἀτρεμεῖν
848 1171 970 1255 αύτούς
989 1181 1048 1264 γῆν
1067 1171 1175 1255 άλλως
1193 1169 1251 1245 ἀν-

208 1300 283 1362 τας,
309 1274 399 1368 ῆώς
420 1278 624 1347 πεπλάσθαι
643 1279 703 1364 μὲν
725 1277 833 1367 ἐχρῆν,
862 1273 960 1346 ἀλλον
983 1279 1020 1346 δέ
1036 1302 1111 1346 τινα
1128 1279 1185 1345 καί
1200 1274 1249 1367 μῆ

208 1387 326 1450 ταύταν
352 1378 598 1469 ἐσχηματίσθαι
621 1378 679 1449 τὸν
704 1381 847 1471 τρόπον,·
866 1377 946 1468 ἐγώ
973 1381 1010 1449 δέ
1037 1374 1130 1467 ὅμως
1159 1375 1247 1469 ύπέρ

210 1480 338 1572 ἀμφοῖν
356 1480 421 1572 ἐρῶ
427 1502 436 1519 ·
458 1486 514 1552 καὶ
530 1484 665 1571 πρῶτόν
681 1509 732 1571 γε,
752 1480 798 1564 ώς
816 1479 955 1568 οάδεμία
971 1494 1044 1573 τοῖς
1059 1487 1158 1578 θεοῖς
1176 1478 1248 1551 ἀπὸ
1342 1529 1348 1536 -

111 1572 113 1581 ’
208 1587 328 1654 τούτου
346 1585 453 1675 βλάβη
472 1591 649 1675 γεγένηται,
667 1592 734 1653 τών
748 1582 941 1673 ἀνθρώπων
955 1583 989 1666 ἐς
1001 1583 1060 1654 τὸν
1071 1591 1146 1671 βίον
1158 1609 1251 1673 παρ-

212 1693 395 1772 αχθέντων,
414 1688 621 1777 πειράσομαι
638 1688 809 1758 δεικνύειν·
836 1687 953 1759 ἔπειτα
971 1688 1008 1757 δὲ
1026 1688 1072 1767 ώς
1088 1688 1145 1754 καὶ
1162 1710 1250 1772 σαμ·

210 1795 356 1881 φέροντα
371 1794 428 1858 καὶ
445 1787 568 1878 ἀμείνω
587 1789 701 1871 αύτοῖς
719 1787 804 1859 αύτὰ
821 1788 916 1881 παρὰ
932 1788 1019 1861 πολὺ
1036 1786 1059 1880 ἢ
1076 1788 1108 1863 εέ
1124 1788 1248 1878 ἐρήμην

159 1915 193 1966 12
210 1895 266 1961 καλ
292 1890 526 1983 ἀπάνθρωπον
552 1898 721 1981 συνέβαινε
746 1892 805 1982 τῆν
826 1900 884 1982 γῆν
909 1898 1029 1979 μένειν.
1071 1881 1111 1981 ῆν
1135 1896 1247 1962 τοίνυν

209 1996 318 2066 πάλαι
328 1998 459 2086 -ῥῆον
475 1994 539 2084 γὰρ
557 1992 644 2065 ούτω
661 1998 718 2065 καλ
735 1998 833 2085 δῆλον
851 1992 891 2064 ἀν
907 1999 1050 2084 γίνοιτο,
1074 1993 1109 2063 εἴ
1121 2021 1157 2063 τι
1172 1992 1245 2085 ῆδί

208 2124 291 2188 κηκα
309 2097 372 2186 ἐγώ
390 2099 644 2187 μετακοσμήσας
664 2097 707 2166 τὰ
728 2100 809 2189 περὶ
828 2096 906 2180 τοὺς
924 2093 1129 2188 ἀνθρώπους
1145 2135 1190 2148 -
1206 2087 1248 2186 ῆν

208 2193 269 2269 ούν
285 2199 324 2269 τὸ
342 2207 439 2269 θεῖον
460 2201 563 2285 μόνον
577 2203 634 2269 καλ
650 2198 689 2270 τὸ
708 2200 905 2289 ἐπουράνιον
921 2206 1027 2289 γένος,
1054 2197 1075 2290 ῆ
1092 2206 1133 2289 γῆ
1152 2200 1189 2268 δὲ
1207 2195 1249 2268 ά-

207 2303 300 2392 γριύν
322 2329 356 2370 τι
376 2310 485 2392 χρῆμα
501 2304 558 2371 καλ
580 2298 747 2392 δίμορφον,
774 2299 870 2385 ὅλαις
891 2300 1010 2375 ἅπασα
1030 2306 1086 2372 καί
1105 2303 1248 2384 ταύταις

209 2403 387 2493 ἀνημέροις
403 2405 533 2489 λάσιος,
554 2401 630 2475 ούτε
648 2408 685 2474 δὲ
700 2409 811 2493 βωμοὶ
827 2414 920 2477 θεῶν
936 2403 958 2496 ῆ
975 2411 1063 2489 ναοί,
1078 2444 1121 2456 -
1133 2406 1247 2475 πόθεν

211 2508 265 2591 δέχ
283 2547 325 2560 -
343 2503 408 2576 αὕτ’
429 2504 602 2595 ἀγάλματα
623 2507 645 2598 ῆ
668 2511 770 2593 ξόανα
790 2507 812 2600 ῆ
832 2537 867 2579 τι
888 2506 969 2581 ἀλλο
990 2515 1156 2592 τοιοῦτον,
1189 2507 1247 2579 οἶα
1350 2574 1351 2587 ,

207 2608 320 2680 πολλὰ
336 2617 391 2680 νύν
410 2608 624 2695 ἁπανταχόθι
642 2619 797 2703 φαίνεται
817 2610 902 2698 μετὰ
922 2612 1036 2701 πάσης
1054 2610 1247 2699 ἐπιμελείας
1350 2598 1351 2615 ¹

208 2714 394 2799 τιμώμενα*
413 2711 476 2802 ἐγώ
495 2711 647 2783 δέ-ἀεὶ
662 2716 726 2804 γάρ
743 2741 777 2783 τι
793 2715 1009 2802 προβουλεύω
1028 2713 1062 2796 ἐς
1077 2712 1118 2784 τὸ
1136 2712 1246 2785 κοινὸν

205 2818 265 2882 καὶ
280 2823 397 2883 σκοπώ
410 2812 505 2896 ὅπως
518 2813 748 2905 αὐξηθήσεται
760 2818 820 2902 μέν
831 2816 875 2885 τὰ
886 2823 1063 2902 τώνθεών,
1082 2816 1246 2887 ἐπιδώσει
1349 2850 1350 2869 ι

209 2918 247 2985 δέ
271 2918 327 2984 καὶ
352 2916 458 2985 τάλλα
482 2918 594 2988 πάντα
617 2918 650 3001 ἐς
670 2920 794 3005 κόσμον
813 2922 872 2987 καλ
892 2921 1070 3000 κάλλος-
1089 2919 1246 3008 ἐνενόησα
1348 2996 1349 3005 ¹

208 3015 256 3099 ὥς
273 3014 407 3105 ἀμεινον
425 3021 475 3111 ε’ίη
494 3018 604 3109 ὀλίγον
621 3017 700 3090 ὅσον
717 3028 777 3091 τοῦ
794 3025 903 3111 πηλοῦ
921 3023 1065 3109 λαβόντα
1083 3023 1152 3111 ζῷά
1169 3048 1245 3092 τινα

207 3120 445 3209 συστήσασθαι
461 3126 517 3192 ’καὶ
535 3122 727 3194 ἀναπλάσαι
743 3122 805 3205 τὰς
822 3123 956 3216 μορφάς
966 3126 1026 3211 μὲν
1038 3123 1116 3215 ἡμῖν
1129 3122 1246 3207 αύτοῖς

207 3226 445 3310 προσεοικότα
464 3224 598 3315 καὶγὰρ
618 3227 721 3295 ἐνδεῖν
737 3254 772 3296 τι
789 3224 881 3316 ώμην
897 3233 946 3315 τῷ
962 3233 1066 3315 θείη),
1083 3225 1130 3317 μὴ
1148 3223 1246 3310 ἐντος

207 3333 269 3396 τού
286 3326 432 3397 ἐναντίου
451 3328 540 3418 αὐτῷ
561 3332 618 3398 καλ
639 3328 725 3419 πρὸς
743 3329 761 3399 ὃ
780 3329 911 3415 ἔμελλεν
929 3325 948 3419 ῆ
967 3328 1114 3411 ἐξέτασις
1134 3355 1246 3419 γιγνο-

205 3434 287 3520 μένη
313 3426 601 3521 εύδαιμονέστερον
626 3428 829 3522 ἀποφαίνειν
855 3429 952 3503 αύτό·
977 3430 1102 3520 θνητὸν
1127 3437 1245 3518 μέντοι

208 3529 294 3602 εἶναι
317 3541 430 3615 τοῦτο,
459 3530 728 3623 εύμηχανώτατον
755 3533 787 3602 δ’
807 3531 916 3617 άλλως
935 3537 993 3602 καὶ
1017 3535 1244 3609 συνετώτατον

157 3657 190 3707 13
207 3637 339 3705 καὶτοῦ
355 3639 522 3722 βελτίονος
539 3637 792 3724 αἰσθανόμενον.
830 3641 888 3707 καὶ
905 3637 945 3728 δῆ
962 3635 1047 3707 κατὰ
1063 3636 1121 3707 τὸν
1141 3663 1245 3729 ποιη·

206 3736 298 3809 τικδν
311 3741 407 3828 λόγον
417 3736 538 3828 αγαῖαν
550 3734 623 3807 άδει
635 3736 764 3829 φύρας”’
780 3743 836 3809 καί
850 3742 1057 3827 διαμαλάξας
1069 3737 1243 3815 ἀνέπλασα

205 3840 285 3922 τοὺς
306 3838 511 3929 ἀνθρώπους
532 3840 582 3910 ἐτι
603 3842 660 3911 καὶ
680 3839 739 3931 τῆν
755 3839 896 3932 Ἀθηνᾶν
912 3846 1147 3934 παρακαλέσας
1157 3860 1243 3914 συν-

207 3945 433 4030 επιλαβίσθαι
449 3968 511 4030 μοι
525 3949 586 4013 τοῦ
607 3942 718 4036 ἔργον.
749 3945 858 4014 ταῦτά
879 3943 968 4014 ἐστιν
990 3945 1013 4013 ἀ
1029 3945 1158 4036 μεγάλα
1175 3944 1240 4035 ἐγώ

202 4041 285 4126 τούς
301 4042 408 4126 θεοὺς
419 4044 567 4138 ἠδίκηκα.
607 4045 718 4118 καὶτὸ
737 4046 889 4139 ζημίωμα
907 4044 988 4139 δρᾷς
1004 4047 1129 4141 ῆλίκον,
1157 4049 1188 4119 εί
1206 4048 1241 4123 ἐκ
