2752 4632
263 221 329 289 242
535 252 567 257 *-
639 228 892 283 αοειωεαυε

257 328 500 426 φανερωτερον“·’
529 331 644 402 ούτοσὶ
668 331 730 420 γὰρ
757 329 774 398 ό
801 331 1065 420 τρισκατάρατος
1085 326 1198 399 ὁπόσα
1221 333 1275 417 μὲν
1359 370 1360 375 1

258 439 392 527 ἰδιώτης
410 436 455 506 ιδν
474 437 595 526 ἔπραξε
617 438 838 522 παραλείφειν
859 434 1037 518 μοιδοκῶ·
1060 432 1135 501 ἐπεὶ
1152 434 1188 500 δέ
1204 433 1276 514 τοὺς

256 541 488 627 θρασυτάτους
509 538 848 629 προσεταιρισάμενος
869 539 924 602 καί
951 536 1158 625 δορυφόρους
1185 560 1277 602 συνα-

256 641 364 730 γαγὼν
383 640 572 720 ἐπαναστάς
588 648 628 729 τῇ
652 641 751 707 πόλει
771 640 927 728 τύραννος
947 644 1100 724 κατέστη,
1131 635 1277 723 ἀκρίτους

255 746 315 830 μέν
332 738 501 813 ἀπέκτεινε
519 747 654 822 πλείους
671 738 692 829 ἢ
708 747 855 830 μυρίους,
874 739 934 820 τδις
952 741 987 807 δὲ
1005 736 1122 819 ούσίας
1139 739 1277 808 ἑκάστων

214 873 215 876 ’
258 843 502 936 ἀφαιρούμενος
527 845 752 911 καὶ-πλούτου
779 841 865 929 πρὸς
888 841 928 908 τὸ
954 839 1136 933 ἀκρότατον
1162 839 1285 932 ἀφικόι.

256 974 352 1034 μενος
362 945 517 1032 οὐδεμίαν
530 947 588 1030 μὲν
603 943 781 1025 ἀκολασίας
790 946 879 1013 ἰδέαν
892 947 1145 1032 παραλέλοιπεν,
1167 942 1277 1033 άπάση

258 1052 294 1117 δέ
316 1049 462 1139 ὠμότητι
483 1052 539 1116 καὶ
551 1044 653 1136 ,ύβρει
674 1046 757 1117 κατὰ
778 1055 844 1114 τῶν
864 1045 995 1117 ἀθλίων
1021 1050 1168 1117 πολιτῶν
1190 1045 1279 1134 ἀχρή-

258 1177 352 1233 σατο,
381 1157 571 1240 παρθένους
593 1152 802 1238 διαφθείρων
822 1154 877 1217 καὶ
895 1150 1039 1239 έφήβους
1061 1150 1279 1231 καταισχύνων

255 1258 311 1320 καὶ
329 1256 441 1321 πάντα
455 1254 580 1338 τρόπον
596 1266 667 1343 τοῖς
685 1248 845 1340 ὑπηκόοις
863 1251 1080 1341 ἒμπαροινιόν.
1107 1254 1162 1318 καὶ
1179 1248 1288 1337 ύπερ-,

257 1361 360 1438 υψίας
376 1361 489 1438 μέντοι
505 1358 560 1421 καὶ
577 1355 683 1443 τύφου
702 1359 756 1421 καὶ
773 1362 832 1422 τοῦ
846 1354 931 1439 πρὸς
944 1352 1021 1434 τοὺς
1035 1353 1281 1440 ἐντυγχάνοντας
1321 1365 1326 1373 ’

257 1458 470 1545 φρυάγματος
488 1454 565 1522 οὐδὲ
582 1453 648 1522 κατ’
666 1455 759 1537 ἀξίαν
778 1458 889 1525 δύναιο
909 1454 948 1525 ἀν
965 1453 1042 1545 παρ’
1055 1453 1155 1525 αύτσύ
1170 1458 1279 1543 λαβεῖν

256 1557 313 1646 τήν
332 1560 436 1646 δίκην·
463 1559 544 1647 ῥᾷον
564 1565 641 1644 γοῦν
657 1557 714 1625 τδν
732 1555 824 1646 ήλιον
847 1556 887 1637 ἀν
908 1585 960 1638 τις
982 1556 1002 1646 ή
1025 1565 1140 1635 τοῦτον
1160 1555 1280 1647 ἀσκαρ-

258 1660 397 1743 δαμυκτὶ
417 1663 653 1749 προσέβλεψεν.
696 1658 733 1727 ού
756 1659 819 1748 μὴν
842 1659 925 1728 ἀλλὰ
947 1665 1003 1727 καὶ
1028 1669 1093 1728 τιῦν
1114 1662 1279 1729 κολάσεων

255 1760 294 1828 τὸ
312 1760 397 1850 πρὸς
415 1758 569 1848 ὠμότητα
586 1762 776 1848 καινουργὸν
799 1757 898 1830 αύτοό
919 1769 970 1843 τίς
993 1760 1031 1830 ἀν
1053 1765 1280 1850 διηγήσασθαι

256 1864 398 1944 δύναιτο,
419 1861 455 1943 ός
467 1889 504 1950 γε
516 1866 599 1951 μηδὲ
612 1871 677 1931 τῶν
692 1866 899 1938 οἰκειοτάτων
913 1862 1091 1947 ἀπέσχετο,·
1109 1867 1163 1933 καὶ
1177 1871 1280 1931 ταῦτα

257 1961 311 2032 ότι
330 1964 376 2053 μή
400 1964 508 2045 άλλως
530 1967 602 2045 κενή
625 1973 677 2045 τίς
700 1966 771 2033 ἔστι
792 1963 859 2033 κατ’
876 1964 976 2034 αύτού
1001 1966 1136 2055 διαβολή
1164 1964 1280 2033 αὐτίκα

256 2069 328 2157 ε’ίση
346 2071 574 2156 προσκαλέσας
591 2067 667 2148 τοὺς
680 2065 735 2135 ἀπ’
747 2065 847 2135 αύτοῦ
861 2076 1137 2158 πεφονευμένους·
1156 2072 1280 2152 μᾶλλον

256 2170 292 2237 δὲ
310 2166 458 2257 ἀκλητσι,
483 2167 529 2249 ὥς
547 2167 639 2258 ὁρᾷς,
664 2171 800 2257 πάρεισι
818 2174 872 2237 καὶ
893 2173 1107 2257 περιστάντες
1125 2167 1281 2258 ἀρχουσιν

257 2267 365 2338 αύτόν.
403 2263 494 2339 οὗτοι
512 2273 641 2352 πάντες,
663 2264 918 2356 εύῬαδάμανθυ,
937 2272 1022 2360 πρὸς
1035 2279 1094 2339 τού
1109 2270 1282 2359 ἀλιτηρίου

254 2379 421 2453 τεθνᾶσιν,
451 2374 484 2440 οἱ
504 2375 562 2458 μέν
583 2381 740 2460 γυναικῶν
768 2375 858 2443 ἕνεκα
886 2373 1060 2463 εὐμόρφων
1087 2374 1285 2459 ἐπιβουλευ-

255 2480 383 2556 θέντες,
412 2475 445 2542 οἱ
467 2476 503 2544 δέ
525 2476 621 2543 υἱέων
644 2473 859 2564 ἀπαγομένων
880 2477 966 2567 πρὸς
987 2475 1081 2566 ύβριν
1100 2474 1285 2566 ἀγανακτή-

257 2601 378 2658 σαντες,
404 2603 436 2644 οι
427 2573 544 2659 “Q‘'
525 2604 577 2645 οτι
595 2577 783 2662 ἐπλούτουν,
809 2606 841 2646 οι
832 2576 953 2660 δὲ,“
934 2606 987 2646 οτι
1003 2605 1085 2668 ησαν
1105 2581 1208 2661 δεξιοὶ
1225 2582 1286 2646 καὶ

256 2681 427 2769 σώφρονες
445 2706 500 2746 και
488 2677 697 2765 ούδαμού
679 2687 851 2768 ηρέσκοντο
868 2695 939 2760 τοῖς
958 2683 1144 2768 δρωμένοις.

204 2804 237 2853 27
307 2798 389 2851 PAA.
431 2788 469 2851 Τί
485 2808 571 2871 προς
588 2808 692 2848 ταυτα
710 2809 831 2871 φης,ω
818 2774 947 2870 μιαρὲ
965 2784 1022 2867 σύ,·

306 2881 512 2962 ΜΕΙῐΤοὺς
537 2885 596 2967 μέν
623 2885 744 2973 φόνους
771 2886 945 2971 είργασμαι
972 2885 1028 2964 οὓς
1054 2888 1151 2973 λέγει,
1179 2914 1224 2953 τα
1250 2883 1286 2954 δ’

255 2981 338 3050 ἀλλα
360 2985 482 3066 πάντα,
510 2984 569 3064 τὰς
590 2991 738 3070 μοιχείας
763 2989 818 3052 καὶ
845 2985 904 3066 τὰς
929 2994 993 3053 τῶν
1016 2986 1148 3076 ἐφήβων
1169 2983 1290 3075 ύβρεις

254 3089 309 3153 καὶ
331 3084 390 3166 τὰς
413 3085 606 3175 διαφθορὰς
626 3095 691 3155 τῶν
714 3094 903 3177 παρθένων,
931 3095 1033 3156 ταῦτα
1055 3090 1165 3155 πάντα
1182 3096 1291 3157 Κυνί-

255 3213 331 3267 σκος
348 3215 411 3272 μου
430 3189 667 3274 κατεψεύσατο.

305 3307 389 3360 ΚΥΝ.
431 3287 549 3358 Ούκσύν
566 3292 770 3375 καὶτούτων,
790 3285 817 3360 ὦ
832 3290 1053 3378 Ῥαδάμανθυ,
1071 3293 1207 3378 παρέξω
1228 3318 1293 3361 σοι

252 3393 431 3482 μάρτυρας.

304 3512 385 3565 ΡΑΔ.
427 3501 522 3574 Τίνας
538 3495 673 3578 τούτους
690 3500 809 3585 λέγεις,·

261 3588 265 3597 ’
305 3613 390 3668 m.
424 3600 609 3686 Προσκάλει
626 3626 698 3683 μοι,
723 3593 749 3666 ὦ
765 3597 870 3688 Ἑρμῆ,
891 3598 947 3667 τὸν
969 3600 1081 3682 λύχνον
1104 3595 1210 3665 αὐτοῦ
1228 3600 1293 3666 καλ

252 3699 310 3791 τήν
331 3704 453 3788 κλίνην·
479 3703 724 3791 μαρτυρήσουσι
745 3701 807 3790 γὰρ
835 3700 930 3769 αὐτοὶ
955 3692 1195 3792 παρελθόντες,
1226 3698 1293 3768 σία

225 3840 228 3845 «
252 3804 432 3889 πράττοντι
450 3811 688 3892 συνηπίσταντο
708 3802 806 3891 αύτῷ.

304 3918 390 3976 EPM.
423 3904 566 3995 ἨΚλίνη
579 3910 634 3974 καί
648 3903 801 3989 ύΛύχνος
815 3904 1084 3994 όΜεγαπένθους
1092 3908 1291 3993 παρέστων.

255 3997 292 4074 εύ
307 4033 344 4094 γε
362 4006 520 4094 έποίησαν
537 4006 788 4087 ὑπακούσαντες.
