2740 4648
390 268 472 324 xm.
498 250 737 324 ΗΡοΔοεοΣ
757 267 842 323 ε-ε.
1066 258 1130 324 329
1246 310 1252 319 ,

109 369 206 442 αύτού
224 375 387 460 φέροντες,
406 371 603 459 μιμούμενοι
619 370 696 450 τούς
709 368 933 461 ἀχθοφόρους,
951 371 1056 442 δπότε
1074 376 1131 443 δο-

21 540 24 569 3
108 474 161 544 κδν
182 479 338 565 φέροντες
358 479 529 561 βαροῖντο·
555 471 652 543 ἄλλοι
674 475 710 542 δὲ
732 475 793 542 δύο
815 474 872 542 ἐνα
892 473 967 542 τινὰ
993 475 1051 544 ἐπὶ
1072 483 1131 568 τῆς

21 640 23 669 ,
107 574 249 658 ἀσπίδος
265 583 500 661 κατακείμενον,
519 579 659 661 βασιλέα
677 578 780 666 δῆθεν
795 580 852 647 καί
865 572 973 659 αύτδν,
993 579 1131 668 σύρουσι

21 672 22 739 s
107 687 169 750 τῶν
188 676 313 763 ὀχάνων
329 686 387 768 τῆς
405 676 549 761 ἀσπίδος
567 676 814 766 ἐπειλημμένοι·
836 677 884 759 εἷς
905 680 943 749 δέ
965 678 1004 768 δή
1023 678 1057 762 ἐς
1072 680 1130 750 τὸν

106 783 247 869 θύρακα
272 781 435 853 εἰσελθὼν
459 778 578 851 ύπτιον
604 788 749 866 κείμενον
774 785 913 865 λοχῶντι
937 781 1054 865 ἔοικεν,
1084 778 1131 864 ὥς
1196 816 1198 819 ·

107 886 282 977 φοβήσειεν
304 881 440 966 αύτούς,
464 880 568 953 ὁπότε
589 882 657 951 κατ’
673 881 772 953 αύτὸν
797 889 941 972 γίνοιντο
966 885 1130 975 σύροντες.

107 986 144 1057 ού
161 985 284 1056 παιδιὰ
306 988 343 1055 δὲ
364 983 472 1067 άλλως
492 989 598 1059 ταύτά
620 985 709 1056 ἐστιν
732 984 809 1055 οὐδὲ
830 962 1078 1075 περιείργασται
1097 985 1164 1059 ἐνσ

107 1088 219 1171 αύτοῖς
236 1085 255 1156 δ
270 1086 408 1170 Ἀετίων,
432 1086 515 1157 άλλὰ
533 1090 630 1178 δηλοῖ
644 1096 702 1158 τοῦ
716 1086 923 1177 Ἀλεξάνδρου
946 1092 1002 1157 καλ
1022 1088 1080 1159 τὸν
1098 1087 1132 1170 ἐς

106 1191 147 1263 τά
168 1190 332 1276 πολεμικά
353 1191 473 1281 ἔρωτα,
501 1195 557 1260 καλ
579 1189 632 1262 ὅτι
655 1188 726 1278 άμα
745 1195 801 1261 καλ
815 1190 970 1282 Ῥωξάνης
991 1189 1055 1280 ήρα
1076 1193 1132 1260 καλ
1249 1212 1252 1219 ’

106 1301 169 1364 τῶν
187 1290 300 1363 όπλων
322 1291 381 1361 ούκ
402 1293 608 1384 ἐπελέληστο.
643 1293 730 1385 πλὴν
753 1291 859 1386 άλλῖή
878 1321 915 1384 γε
929 1292 1033 1364 εἰκὼν
1050 1291 1131 1384 αύτή

106 1401 160 1466 καὶ
178 1393 285 1478 άλλως
299 1380 459 1485 γαμήλιόν
475 1424 510 1466 τι
528 1397 587 1467 ἐπὶ
602 1405 660 1487 τῆς
674 1396 835 1487 ἀληθείας
849 1398 986 1489 διεφάνη
1000 1397 1130 1482 ἐχουσα,

107 1504 357 1588 προμνησαμένη
383 1507 431 1587 τῷ
454 1497 596 1571 ε’ίετίωνι
625 1500 682 1590 τήν
712 1509 770 1570 τοῦ
796 1503 993 1592 Προξενίδου
1025 1507 1133 1588 θυγω

107 1607 200 1690 τέρα·
217 1604 271 1668 καὶ
289 1600 424 1690 άπῆλθε
445 1603 552 1691 γήμας
573 1606 629 1670 καί
650 1600 763 1686 αὐτὸς,
785 1605 951 1693 πάρεργον
966 1609 1033 1672 τῶν
1046 1599 1133 1672 Ἁλε-

107 1705 244 1794 ξάνδρου
270 1705 397 1791 γάμων,
428 1702 496 1773 ύπὸ
523 1713 731 1795 νυμφαγωγῷ
756 1713 804 1794 τῷ
830 1709 974 1791 βασιλεῖ,
1006 1703 1132 1792 μισθὸν

107 1806 296 1892 εἰκασμένου
318 1808 424 1895 γάμου
446 1805 645 1897 προσλαβὼν
672 1805 782 1897 ἀληθῆ
808 1808 922 1895 γάμον.
958 1806 1165 1894 Ἦρύδοτοςτ

105 1909 164 1995 μὲν
182 1900 238 1977 ούν
255 1948 297 1960 -
316 1908 470 1996 ἐπάνειμι
485 1909 547 2002 γάρ
566 1908 617 1979 ἐπ’
628 1909 749 1979 ἐκεῖνον
761 1949 804 1961 -
822 1908 930 1997 ἱκανήν
947 1907 1133 1994 τῶνῗίλομ-

106 2016 193 2080 πίων
214 2009 272 2100 τήν
297 2014 477 2101 πανήγυριν
502 2011 613 2103 ήγεῖτο
637 2017 694 2081 καὶ
720 2018 910 2101 συγγραφέα
935 2009 1133 2097 θαυμαστὸν

108 2114 213 2197 δεῖξαι
238 2127 309 2195 τοῖς
323 2110 455 2203 Ἕλλησι
480 2115 541 2196 τὰς
557 2113 741 2205 Ἑλληνικάς
766 2122 856 2195 νίκας
882 2115 1058 2197 διεξιόντα,
1087 2111 1134 2194 ὦς

108 2215 228 2299 ἐκεῖνος
255 2218 436 2305 διεξῆλθεν.
478 2217 540 2306 ἐγὼ
564 2220 600 2286 δὲ
622 2258 663 2269 -
685 2219 740 2285 καὶ
766 2216 852 2307 πρὸς
878 2220 991 2306 φιλίου
1018 2217 1063 2306 μή
1090 2241 1134 2301 με

106 2325 319 2408 κορυβαντιᾶν
337 2317 527 2407 ὑπολάβητε
542 2323 626 2409 μηδὲ
642 2318 732 2405 τάμά
750 2320 886 2402 εἰκάζειν
908 2333 980 2401 τοῖς
997 2317 1130 2402 ἐκείνου,

106 2421 203 2502 ἵλεως
221 2418 239 2490 δ
254 2418 334 2512 άνήρ
347 2462 390 2473 -
403 2420 486 2490 άλλᾶ
499 2424 597 2492 τοῦτό
609 2449 646 2509 γε
660 2421 776 2508 ὅμοιον
789 2430 914 2491 παθεῖν
927 2448 1013 2513 φημι
1027 2419 1132 2511 αύτῷ·
1212 2424 1215 2433 ’

107 2519 163 2592 ότε
179 2524 241 2615 γάρ
258 2524 298 2594 τὸ
316 2531 449 2613 πρῶτον
462 2524 655 2614 ἐπεδήμησα
668 2531 708 2614 τῇ
721 2526 915 2613 Μακεδονίᾳ,
934 2522 1020 2614 πρὸς
1033 2523 1135 2609 ἐμαυ-
1200 2600 1203 2609 .

105 2625 163 2694 τὸν
181 2627 342 2696 ἐσκόπουν
360 2624 381 2695 ό
396 2655 431 2695 τι
446 2652 505 2712 μοι
521 2633 677 2719 χρηστέον
693 2634 740 2715 τῷ
758 2628 943 2715 πράγματι·
965 2629 1021 2694 καλ
1038 2623 1057 2693 δ
1074 2626 1133 2710 μὲν
1198 2617 1202 2700 ’,

107 2728 190 2818 ἐρως
212 2721 308 2811 οὗτος
328 2721 382 2819 ήν,
410 2726 535 2798 άπασιν
561 2726 638 2814 ύμῖν
663 2735 853 2817 γνωσθῆναι
878 2733 934 2796 καί
961 2725 1014 2797 ότι
1039 2731 1135 2796 πλεί-

107 2856 200 2914 στοις
225 2833 421 2905 Μακεδόνων
448 2834 554 2915 δεῖξαι
578 2829 682 2917 τάμά,
708 2830 747 2900 τὸ
775 2833 811 2899 δέ
838 2829 936 2900 αύτδν
960 2831 1136 2920 περιιόντα

105 2942 282 3022 τηνικαῦτα
302 2943 362 3004 τού
385 2935 478 3016 ἐ’τους
500 2941 718 3023 συγγενέσθαι
736 2941 782 3025 τῇ
809 2934 908 3003 πόλει
934 2932 1052 3022 ἑκάστη
1075 2928 1134 3003 σι’δι

107 3033 249 3124 εύμαρές
267 3035 433 3124 ἐφαίνετο,
457 3038 487 3106 εἰ
505 3040 541 3108 δὲ
557 3040 737 3129 τηρήσαιμι
757 3037 854 3127 τήνδε
869 3033 961 3123 ύμιύν
982 3036 1040 3126 τήν
1058 3036 1136 3105 σύν-

108 3138 195 3218 οδον,
224 3134 296 3206 εἶτα
320 3139 501 3225 παρελθὼν
528 3140 561 3219 ἐς
586 3147 687 3226 μέσον
714 3144 858 3226 δείξαιμι
882 3141 939 3209 τὸν
965 3140 1072 3227 λόγον,
1096 3136 1134 3225 ἐς

107 3242 184 3308 δέον
206 3234 312 3318 ούτως
333 3237 570 3328 ἀποβήσεσθαί
595 3267 655 3326 μοι
679 3241 722 3310 τὰ
747 3250 805 3330 τῆς
831 3241 935 3328 εύχῆς.
979 3239 1075 3307 αύτοί
1098 3260 1168 3310 τεε

107 3333 165 3411 ούν
183 3336 244 3431 ήδη
264 3341 520 3429 συνεληλύθατε,
549 3336 699 3431 ὅτιπερ
719 3340 840 3430 όφελος
863 3342 899 3423 ἐξ
915 3342 1052 3429 ἑκάστης
1069 3340 1136 3408 πό·
1156 3374 1158 3377 ·

106 3449 206 3526 λεως,
234 3440 315 3512 αύτὸ
336 3442 377 3532 δή
399 3441 439 3512 τὸ
461 3443 641 3533 κεφάλαιον
667 3441 822 3512 ἁπάντων
843 3443 1051 3523 Μακεδόνων,
1079 3444 1135 3509 καλ

106 3546 307 3632 ύποδέχεται
323 3547 423 3627 πόλις
439 3542 459 3635 ή
483 3542 600 3636 άρίσιη
625 3536 709 3615 ούσα
726 3543 765 3617 ού
782 3543 866 3616 κατά
883 3551 990 3614 Πίσαν
1011 3543 1059 3629 μὰ
1076 3539 1132 3612 Δί’
1200 3574 1203 3642 j

108 3649 186 3721 οὐδὲ
202 3648 260 3740 τήν
277 3649 386 3718 ἐκεῖθι
403 3654 618 3738 στενοχωρίαν
634 3653 690 3717 καὶ
708 3647 826 3737 σκηνὰς
842 3651 898 3719 καὶ
918 3650 1061 3730 καλύβας
1078 3648 1134 3712 καί

107 3765 239 3838 πνῖγος,
268 3753 305 3822 οἵ
326 3777 363 3821 τε
389 3742 432 3819 αύ
458 3755 699 3842 πανηγυρισταὶ
724 3749 762 3819 ού
789 3751 1002 3840 συρφετώδης
1028 3746 1133 3831 ἀ’χλος,
1200 3792 1203 3843 j

108 3850 266 3938 άθλητῶν
286 3859 410 3942 μᾶλλον
432 3856 689 3943 φιλοθεάμονες,
717 3854 750 3922 ἐν
775 3858 929 3943 παρέργῳ
957 3853 991 3920 οἱ
1015 3853 1136 3921 πολλοὶ

107 3954 169 4024 τὸν
184 3952 355 4043 Ἡρόδοτον
375 3963 560 4045 τιθέμενοι,
589 3954 672 4026 άλλά
692 3957 839 4047 ῥητόρων
861 3982 897 4025 τε
918 3957 974 4023 καλ
996 3977 1136 4042 συγγρα·

108 4062 203 4149 φέων
220 4061 275 4126 καὶ
293 4068 461 4153 σοφιστῶν
478 4060 512 4130 ολ
534 4060 766 4148 δοκιμώτατοι,
791 4054 867 4128 ὥστ’
884 4054 924 4128 ού.
938 4054 1054 4148 μικρὸν
1071 4050 1133 4145 ἤδη
1197 4048 1204 4157 γ’
