2740 4648
235 229 301 296 304
622 242 879 299 ΔΟΥΚΙΔΝΟΥ

288 362 375 419 Em
409 344 460 436 Νή
480 345 546 431 Δί’,
571 344 696 438 ἀπορῶ»
710 320 866 434 μέντοόό
887 374 921 416 τι
942 342 982 416 ἀν
1004 343 1137 436 εάλογον
1159 345 1270 419 ἀντευ

236 463 311 519 πεῖν
330 448 519 539 ἐχοιςπρὸς
536 448 575 518 τὸ
593 458 755 519 τοιοῦτον.

181 575 216 624 ω
285 567 371 624 ΛΥΚ.
407 550 453 620 Σὺ
475 553 534 636 μὲν
556 550 618 639 γάρ
638 549 684 633 ώς
704 552 780 642 ἐξής
803 553 938 634 πάντως
962 558 1179 642 γραφομένων
1200 561 1270 624 τών

233 654 433 745 γραμμάτων
451 655 593 745 εἴρηκας,
613 654 682 723 οίον
701 657 836 746 πρώτου
850 663 911 724 τοῦ
925 666 967 736 A,
988 657 1140 745 δευτέρου
1156 658 1193 724 δέ
1206 664 1268 725 τοῦ

233 767 264 825 Β
279 754 436 824 καὶκατὰ
453 755 510 845 τήν
527 759 629 839 τάξιν,
656 756 732 848 ἀχρι
749 756 790 827 ἀν
808 758 855 838 ελς
873 759 906 827 ἓν
924 755 1032 827 αότών
1049 760 1227 848 τελευτήσῃ
1248 756 1267 826 ό

157 844 161 851 ’
233 855 382 949 ἀριθμὸς
398 866 464 927 τών
483 857 653 948 ἀθλητών·
673 864 729 927 καὶ
747 862 870 947 δίδωμί
887 885 943 929 σοι
951 859 1163 946 Ὀλυμπίασιν
1177 857 1267 929 οότω

232 967 417 1052 γίγνεσθαι.
453 963 554 1043 τίδὲ,
579 962 609 1030 εἰ
627 962 789 1045 ἐξελόντες
807 961 955 1044 ἀτάκτως
972 968 1070 1031 πέντε
1087 965 1270 1050 γράμματα

233 1064 269 1147 ἐξ
286 1061 450 1146 ἀπόντων,
469 1063 508 1131 τὸ
527 1074 564 1132 Χ
575 1068 630 1131 καὶ
647 1064 685 1132 τὸ
704 1077 732 1133 Σ
748 1064 859 1133 καὶτὸ
878 1076 906 1133 Ζ
922 1069 977 1132 καλ
994 1064 1034 1133 τὸ
1052 1075 1086 1133 Κ
1099 1069 1155 1132 καὶ
1173 1066 1213 1134 τὸ
1230 1076 1267 1150 Θ,

231 1165 274 1233 τά
295 1162 354 1251 μέν
376 1164 461 1235 ἀλλα
481 1172 621 1255 τέτταρα
644 1169 749 1235 διπλᾶ
771 1167 828 1235 ἐπὶ
849 1174 916 1236 τών
937 1169 1064 1258 κλήρων
1085 1174 1152 1236 τών
1178 1165 1267 1237 ἀκτώ
1353 1216 1354 1221 1

230 1270 430 1358 γράφοιμεν,
451 1267 489 1336 τὸ
510 1270 546 1335 δὲ
563 1280 592 1336 Ζ
606 1269 707 1353 μόνον
726 1268 783 1337 ἐπὶ
800 1277 859 1338 τοῦ
878 1269 1007 1350 ἐνάτου,
1031 1269 1109 1359 ὃδὴ
1128 1260 1186 1338 καὶ
1207 1274 1268 1359 δη-
1353 1268 1354 1317 ³

231 1375 308 1439 λοῦν
326 1371 455 1455 ἐ’μελλεν
468 1368 546 1459 ήμῖν
558 1370 615 1440 τὸν
630 1371 778 1460 ἐφεδρον,
797 1378 832 1441 τί
844 1373 998 1462 ποιήσεις
1010 1379 1144 1462 πρώτον
1159 1372 1267 1460 εὖρών

230 1472 269 1540 τὸ
287 1485 331 1557 Z‚·
348 1479 394 1560 τη]
414 1474 578 1562 διαγνώσῃ
597 1473 735 1562 ἔφεδρον
754 1471 833 1543 όντα
850 1473 909 1544 τὸν
926 1474 1039 1558 ἐ’χουτα
1053 1472 1145 1557 αότὸ,
1165 1473 1266 1566 ήνμή

232 1574 290 1642 ἐπὶ
307 1576 434 1654 πάντας
452 1575 562 1644 ἐλθών
580 1572 677 1665 εόρης
695 1574 788 1644 οάδέν
807 1574 896 1665 αέτῷ
915 1584 1128 1665 συμφωνοῦν,·
1148 1575 1186 1645 οά
1200 1576 1265 1667 γὰρ

231 1674 315 1759 ελχες
333 1671 446 1766 ὥσπερ
464 1684 519 1745 νῦν
536 1686 576 1768 τῇ
593 1682 686 1761 τάξει
705 1678 812 1747 αέτών
829 1686 1078 1768 τεκμαίρεσθαι.

280 1794 373 1850 ΕΡΜ.
401 1781 767 1869 Δυσαπόκριτουτοῦτο
787 1781 920 1870 ἐρωτᾷς.

177 1902 212 1952 44
280 1896 371 1953 ΛΥΚ.
401 1878 482 1949 Ἰδοὺ
507 1882 546 1971 δή
569 1888 625 1950 καὶ
647 1883 765 1969 ἐτίρως
787 1883 825 1950 τὸ
850 1881 930 1951 αάτὸ
955 1882 1192 1974 ἐπισκόπησον.
1230 1893 1266 1953 τί

227 1981 300 2071 γὰρ,
321 1985 351 2051 εἰ
367 1985 450 2072 μηδὲ
466 1986 643 2075 γράμματα
660 1988 844 2075 γράφοιμεν
863 1985 919 2053 ἐπὶ
936 1992 1002 2054 τῶν
1019 1989 1153 2076 κλήρων,
1175 1985 1262 2055 ἀλλά
1353 2050 1354 2077 η

169 2144 175 2151 ,
226 2113 303 2157 τινα
321 2100 441 2175 σημεῖα
458 2091 513 2155 καὶ
529 2095 746 2177 χαρακτῆρας,
771 2087 827 2155 οία
849 2088 958 2155 πολλὰ
975 2090 1158 2177 Αἰγύπτιοι
1178 2090 1265 2179 γρά·
1353 2088 1354 2095 '

228 2215 349 2279 φοοσιν
367 2186 440 2256 ἀντὶ
459 2196 525 2257 τών
546 2192 758 2279 γραμμάτων,
786 2191 1027 2279 κυνοκεφάλους
1048 2190 1140 2271 τινάς
1164 2189 1263 2274 ὄντας

227 2295 284 2358 καλ
300 2292 577 2380 λεοντοκεφάλους
600 2289 819 2382 ἀνθρώπους,·
845 2291 867 2381 ή
890 2293 995 2360 ἐκεῖνα
1016 2296 1076 2377 μὲν
1099 2294 1259 2380 ἐάσωμεν,

228 2392 366 2482 ἐπείπερ
389 2391 552 2461 ἀλλόκοτά
575 2393 659 2462 ἐστι·
687 2402 768 2484 φέρε
791 2393 889 2462 δὲτὰ
911 2398 1066 2485 μονοειδῆ
1088 2400 1144 2464 καὶ
1166 2394 1262 2465 ἁπλᾶ

227 2493 465 2584 ἐπιγράψωμεν
484 2494 530 2575 ώς
543 2495 614 2565 οίόν
628 2524 663 2564 τε
677 2499 864 2577 εἰκάσαντες
877 2494 1082 2586 ἀνθρώπους
1092 2498 1152 2566 ἐπὶ
1166 2500 1261 2568 δυοῖν

226 2598 371 2686 κλήροιν,
401 2600 459 2666 δόο
477 2599 606 2679 ἵππους
624 2599 681 2666 ἐπὶ
700 2602 791 2668 δυοῖν
808 2603 864 2673 καὶ
886 2598 1102 2689 ἀλεκτρυόνας
1124 2602 1186 2670 δόο
1204 2606 1262 2670 καὶ

215 2699 322 2790 Ικήνας
340 2702 410 2783 δόο,
428 2708 476 2789 τῷ
494 2703 531 2769 δέ
549 2701 651 2790 ἐνάτῳ
667 2705 749 2769 λέων
763 2703 846 2769 ἐστω
859 2700 1075 2792 τοάπίσημον.
1099 2701 1138 2792 ἢν
1149 2711 1261 2773 τοίνυν

226 2811 275 2891 τῷ
300 2805 509 2893 λεοντοφόρῳ
536 2805 643 2892 τούτῳ
671 2807 777 2892 κλήρῳ
806 2803 838 2871 ἐν
865 2802 945 2894 ἀρχῇ
973 2805 1119 2895 ἐντύχῃς,
1147 2808 1262 2875 πόθεν

226 2903 310 2988 ἐξεις
327 2906 433 2974 εἰπεῖν
451 2903 503 2975 ότι
522 2899 618 2987 οὗτός
636 2907 724 2975 ἐστιν
743 2905 760 2974 ό
778 2906 835 2974 τόν
854 2906 991 2997 ἔφεδρον
1013 2915 1131 2990 ποιῶν,
1149 2905 1192 2996 ήν
1209 2908 1259 2998 μὴ

224 3010 493 3098 παραθεωρήσῃς
502 3006 652 3089 ἅπαντας
662 3008 766 3078 ἐπιών
776 3011 809 3077 εἰ’
814 3036 865 3089 τις
873 3013 929 3076 καί
936 3005 1036 3090 ἀλλος
1049 3014 1165 3079 λέοντα
1175 3011 1261 3094 ’ἔχεις

275 3125 362 3180 ΕΡΜ.
399 3108 461 3178 Θόκ
479 3111 541 3195 ἐχω
560 3109 580 3180 ό
597 3140 631 3180 τι
649 3138 704 3181 σοι
722 3110 965 3202 ἀποκρίνωμαι,
985 3104 1013 3180 ώ
1030 3127 1160 3183 Λυκῖνε.

117 3210 120 3219 ’
173 3232 208 3282 45
279 3228 364 3284 ΛΥΚ.
399 3215 563 3295 Εἰκότως·
592 3211 669 3282 οὐδὲ
690 3215 752 3304 γάρ
776 3212 996 3302 εόπρόσωπον
1024 3213 1128 3287 οὐδέν.
1168 3213 1259 3285 ὥστε

223 3310 261 3402 ἢν
280 3313 447 3401 ἐθέλωμεν
462 3314 486 3408 ἢ
502 3317 559 3386 τὸν
577 3318 691 3402 ἔχοντα
707 3317 765 3408 τήν
784 3316 873 3407 ίερὰν
891 3318 1014 3407 φιάλην
1037 3316 1142 3408 εὑρεῖν
1159 3316 1182 3408 ἢ
1197 3319 1259 3387 τὸν

223 3416 362 3507 ἔφεδρον
379 3416 401 3507 ἢ
417 3419 474 3488 τὸν
492 3418 612 3509 ἀρίστα
629 3418 828 3510 ἡγησόμενον
845 3417 923 3509 ήμῖν
941 3419 974 3500 ἐς
986 3419 1043 3509 τήν
1056 3422 1155 3489 πόλιν
1173 3420 1259 3490 ἐκεί-

222 3547 280 3610 νην
296 3519 353 3610 τήν
370 3522 546 3611 Κόρινθον,
566 3522 625 3591 ἐπὶ
641 3525 769 3603 πάντας
787 3520 970 3610 ἀναγκαίως
988 3519 1186 3613 ἀφιξόμεθα
1198 3529 1258 3593 καὶ

223 3622 417 3710 ἐξετάσομεν
435 3622 541 3713 ἀκρως
559 3627 760 3717 πειρώμενοι
778 3628 832 3692 καί
850 3622 1054 3706 ἀποδύοντες
1070 3630 1127 3693 καὶ
1142 3652 1258 3713 παρα-

221 3731 441 3817 θεωροῦντες*
458 3729 555 3816 μόγις
572 3727 634 3816 γάρ
649 3726 688 3796 ἀν
703 3724 789 3797 οότω
802 3726 947 3817 τάληθὲς
960 3728 1174 3814 ἐκμάθοιμεν.
1197 3726 1258 3797 καλ

222 3827 257 3896 εἴ
269 3835 307 3918 γέ
322 3856 374 3910 τις
390 3833 501 3916 μέλλει
515 3831 705 3917 σύμβουλός
716 3856 777 3916 μοι
790 3828 987 3913 ἀξιόπιστος
1000 3831 1140 3900 ἔσεσθαι
1154 3832 1254 3921 φιλα

223 3937 345 4020 σοφίας
363 3938 450 4022 πέρι,
470 3929 582 4021 ήυτινα
599 3937 852 4024 φιλοσοφητέον,
871 3926 969 4014 οὗτος
987 3931 1095 4022 ἀνείη
1112 3934 1215 4018 μόνος
1234 3930 1254 4001 ό
1353 3994 1354 4025 η

220 4029 264 4099 τά
280 4030 348 4102 ἀπὸ
363 4043 482 4104 πασῶν
496 4033 602 4105 αέτών
616 4037 774 4125 λεγόμενα
786 4035 894 4121 εἰδώς,
912 4037 947 4106 ολ
960 4033 992 4105 δ’
1002 4033 1099 4109 ἀλλοι
1107 4032 1252 4121 ἀτελεῖς,
1353 4028 1354 4073 ί
