2722 4646
199 244 243 313 60
587 255 858 320 ιονΚιΑαοε,

104 423 107 429 .
198 368 256 435 καὶ
272 363 465 452 μοιχεύουσι
485 365 544 439 καὶ
564 364 749 454 πολεμοῦσι
770 363 826 428 καὶ
848 356 997 449 ἀδελφάς
1017 365 1163 449 γαμοῦσι
1179 360 1237 430 καί

200 468 367 558 πατράσιν
384 464 649 554 ἐπιβουλεύουσι.
667 460 755 553 ’παρ’
770 461 848 553 ἡμῖν
864 460 926 551 γὰρ
946 460 1019 547 οάχλ
1034 460 1142 553 πολλόη
1160 461 1239 532 τού·
1346 482 1347 491 ’

119 624 123 629 .
196 586 267 642 ’των
281 568 456 660 ἀφθονίας
481 566 519 637 05
543 568 652 657 ἀήπου
676 565 732 635 διὰ
753 562 843 634 τοῦτ’
859 562 1038 634 αἰτιάσαιτ’
1054 563 1163 647 ἀντις
1178 564 1239 639 τὸν

202 670 345 762 θύρανὸν
370 675 426 741 καί
451 670 509 760 τὴν
526 674 608 759 Γῆν,
636 665 691 738 ότι
706 666 795 759 ἡμᾶς
816 670 1071 759 συνεστήσαντο.
1109 666 1160 739 ἐ’τι
1180 671 1240 739 καί
1278 725 1281 731 ,

90 782 94 787 ’
200 783 299 851 τοῦτο
317 776 400 856 ἴσως
417 770 561 865 φαίης
538 799 591 856 αν,
611 768 667 842 ότι
684 769 805 861 ἀνάγκη
823 769 965 840 πολλὰ
947 779 1033 861 ημᾶς
1046 771 1130 855 ἔχειν
1148 770 1241 858 πρά·

199 904 309 968 γματα
332 877 610 964 ἐπιμελουμένους
631 872 768 945 αάτῶν.
795 872 914 945 ούκοῦν
936 872 993 949 όιά
1004 899 1047 963 γε
1061 881 1164 944 τοῦτο
1181 878 1241 947 καὶ

201 977 356 1107 όνομεὺς
373 978 613 1064 άχθέσθωλ
553 978 620 1047 55
616 1006 679 1068 την
662 977 829 1105 ύγηειν
794 1005 854 1069 την
872 975 1013 1067 ἀγέλην,
1033 974 1158 1046 ἀιότι’
1139 1003 1241 1066 αναγ-

199 1097 294 1153 καῖον
316 1081 405 1172 αύτῷ
427 1081 665 1167 ἐπιμελεῖσθαι
691 1078 800 1171 αὐτῆς.
838 1087 948 1150 καίτοι
968 1080 1008 1150 τό
1034 1106 1071 1169 γε
1097 1079 1241 1170 ἐργῶδες

199 1193 300 1255 τοῦτο
325 1187 382 1253 καί
407 1182 492 1272 555,
513 1181 621 1265 άλλως
646 1209 683 1253 τε
709 1182 809 1252 καὶ
790 1213 810 1273 η
838 1186 973 1274 φροντίς
998 1181 1058 1251 σύν
1080 1180 1239 1273 ἀτερπὴς,

187 1289 322 1373 ,ἔχουσά
347 1312 423 1356 τινα
449 1289 630 1377 διατριβήν.
683 1284 705 1376 5
730 1294 765 1356 τί
789 1286 851 1375 γάρ
879 1285 920 1356 ἀν
940 1286 1152 1377 ’ἐπράττομεν
1180 1284 1242 1355 ούκ

202 1391 328 1476 ἔχοντες
341 1381 387 1459 ὧν
401 1390 605 1481 προνοοῦμεν
617 1390 743 1458 τούτων
748 1419 760 1474 ,-
777 1387 937 1480 ἠργοῦμεν
947 1386 987 1458 ἀν
1000 1392 1056 1457 καὶ
1068 1386 1107 1457 τὸ
1121 1394 1240 1475 νέκταρ

99 1502 101 1507 ’
202 1492 356 1579 ἐπίνομεν
370 1496 430 1561 καλ
444 1500 504 1582 τῆς
522 1491 708 1583 ἀμβροσίας
726 1491 977 1584 ἐνεφορούμεθα
991 1489 1085 1561 οὐδὲν
1097 1498 1239 1560 ποιούν·
1289 1542 1292 1547 «

151 1619 183 1668 ιν
201 1621 265 1678 τες.
302 1595 321 1664 ὃ
340 1597 377 1664 5
393 1589 539 1682 μάλιστά
555 1621 598 1681 με
611 1593 800 1684 ἀποπνίγει,
819 1593 906 1664 τοῦτ)
922 1594 1018 1679 ἐστὶν,
1040 1590 1092 1663 ότι
1104 1595 1239 1684 μεμφό-

199 1722 294 1786 μενοι
314 1696 372 1788 τὴν
394 1696 674 1786 ἀνθρωποποιίαν
694 1701 752 1766 καὶ
772 1699 918 1784 μάλιστά
939 1725 976 1786 γε
996 1698 1058 1779 τάς
1081 1712 1238 1786 γυναῖκας

200 1797 293 1887 ὅμως
311 1801 405 1889 ἐρᾶτε
423 1799 532 1871 αύτῶν
548 1804 604 1868 καί
622 1798 662 1869 05
678 1802 866 1870 διαλείπετε
883 1802 1064 1883 κατιόντες,
1083 1798 1160 1892 άρτι
1176 1802 1237 1887 μὲν

200 1911 330 1995 ταῦροι,
351 1901 427 1993 ἀρτι
440 1905 477 1972 5
490 1904 629 1992 σάτυροι
646 1907 702 1971 καὶ
716 1905 830 1973 κύκνοι·
844 1904 1040 1992 γιγνόμενοι,
1060 1907 1115 1973 καὶ
1132 1901 1237 1985 θεοὺς
1263 1910 1266 1913 ’
1350 1968 1351 1997 ,

201 2005 238 2090 λξ
249 2003 357 2075 αὐτῶν
369 2013 551 2075 ποιεῖσθαι
564 2003 706 2088 ἀξιοῦτε.
734 2003 803 2075 ἀλλ’
817 2006 910 2095 ἐχρῆν
921 2007 990 2091 μὲν,
1009 2007 1095 2087 ἴσως
1105 2005 1236 2097 φήσεις,

200 2107 466 2180 ἀναπεπλάσθαι
486 2106 564 2188 τοὺς
587 2105 803 2195 ἀνθρώπους,
833 2105 931 2177 ἀλλον
949 2110 987 2176 δέ
1006 2135 1080 2177 τινα
1096 2108 1235 2197 τρόπον,
1350 2150 1351 2177 ε

200 2207 285 2283 ἀλλὰ
299 2210 344 2299 μὴ
358 2208 436 2299 ἡμῖν
450 2209 615 2290 ἐοικότας·
632 2198 689 2278 καλ
700 2218 735 2280 τί
748 2208 788 2278 ἀν
797 2207 878 2278 ἀλλο
890 2211 1103 2299 παράδειγμα
1115 2209 1237 2279 τούτου

201 2309 334 2400 ἀμεινον
359 2313 627 2401 προεστησάμην,
657 2311 675 2380 ὃ
702 2314 837 2393 πάντως
862 2310 960 2381 καλὸν
981 2308 1238 2402 ἠπιστάμηνςῆ

201 2413 355 2483 ἀσύνετον
372 2418 427 2482 καὶ
444 2416 612 2504 θηριῶδες
630 2414 696 2483 ύάει
714 2418 769 2483 καὶ
787 2412 900 2504 άγριον
918 2413 1180 2505 ἀπεργάσασθαι
1195 2411 1236 2483 τό
1351 2410 1352 2447 λ

173 2550 175 2553 ·
201 2517 299 2606 5505,-
316 2520 372 2584 καί
389 2523 464 2596 πῶς
481 2513 521 2585 ἀν
537 2513 669 2604 ἢθεοῖς
684 2516 811 2585 ἔθυσαν
824 2515 845 2606 5
857 2517 918 2598 τὰς
931 2514 1032 2598 ἀλλοις
1045 2514 1123 2602 ύμῖν
1135 2516 1237 2604 τιμάς
1351 2510 1352 2565 Ῑ

199 2716 277 2806 ἀμῑν
290 2719 351 2802 τὰς
364 2720 549 2808 ἑκατόμβας
561 2723 786 2810 προσάγωσιν,
807 2718 866 2789 ούκ
879 2717 1015 2810 ὀκνεῖτε,
1034 2707 1094 2790 κάν
1108 2721 1165 2792 ἐπὶ
1176 2720 1236 2792 τὸν

197 2819 342 2892 Ὦκεανὸν
361 2823 473 2892 ἒλθεῖν
491 2826 547 2913 δέη
562 2820 656 2909 “μετ’
671 2822 841 2909 ἀμύμονας
856 2822 1094 2913 Αἰθιοπῆας·”
1122 2823 1180 2893 τὸν
1198 2826 1237 2894 όλ

199 2932 267 2993 τῶν
288 2933 393 3010 τιμάν
414 2923 492 3012 ύμῖν
513 2929 656 2994 καὶτῶν
677 2931 809 2993 θυσιῶν
831 2928 937 2995 αἴτιον
955 2922 1235 3017 ἀνεσταυρώκατε.
1351 2942 1352 3013 ξ

152 3042 185 3096 18
202 3030 282 3118 περὶ
302 3019 423 3113 μὲν
383 3052 440 3097 ουν
461 3035 527 3098 τῶν
548 3026 739 3118 ἀνθρώπων
759 3031 815 3096 καί
835 3034 940 3096 ταῦτα
963 3028 1067 3098 ἱκανά.
1112 3025 1174 3118 ἤδη
1196 3030 1236 3098 5

200 3132 257 3198 καὶ
274 3128 381 3198 ἐπί
348 3156 387 3198 το
404 3136 487 3221 πύρ,
515 3132 558 3199 εἰ
563 3131 666 3214 δοκεῖ,
694 3130 933 3252 μετελεύσομαι
952 3133 1009 3198 καὶ
1028 3129 1087 3220 τὴν
1104 3130 1237 3201 ἀπονεί-

202 3232 314 3301 όιστσν
334 3234 456 3322 ταύτην
477 3233 612 3322 κλοπήν.
655 3236 712 3300 καί
714 3230 821 3358 πρὸς
840 3226 932 3301 θεῶν
953 3233 1051 3305 τοῦτό
1068 3257 1129 3319 μοι
1146 3229 1237 3302 ἀπό-

199 3358 308 3425 κριναι
324 3333 461 3425 μηδὲν
443 3338 596 3424 οκνήσας·
615 3330 722 3403 555⁰
701 3361 768 3403 οτι
785 3331 880 3423 ἡμεῖς
895 3341 957 3404 τοῦ
973 3334 1080 3461 πηρός
1097 3331 1235 3404 ἀπολω-

200 3439 349 3522 λίκαμεν,
370 3428 459 3520 ἐξ
422 3463 459 3505 ον
477 3440 532 3505 καί
549 3463 619 3561 παρ
617 3433 836 3526 ’ἀνθρώποις
854 3437 959 3522 λστίνς
950 3435 1036 3506 οὐκ
1054 3435 1093 3508 ἀν
1111 3438 1233 3518 ειποις.

200 3536 283 3630 αότη
300 3539 377 3629 γὰρ,
406 3538 520 3624 οἶμαι,
538 3539 639 3629 φύσις
655 3541 790 3607 τουτουί
806 3544 865 3608 τοῦ
882 3539 1059 3630 κτήματος,
1088 3536 1183 3609 οάόίν
1200 3565 1235 3609 τι

77 3668 79 3673 ·
199 3642 385 3711 ἀλατεονί
350 3668 370 3729 γ
372 3648 508 3731 ίγνεται,
536 3643 570 3710 εἰ’
583 3667 634 3722 τις
651 3644 707 3709 καί
724 3637 881 3721 ἀλλος’
842 3649 951 3712 αυτοῦ·
963 3642 1161 3729 μεταλάβοι·
1193 3637 1233 3709 05
1273 3662 1277 3668 ·

198 3742 262 3835 γάρ
279 3742 520 3830 ἀποσβέννυται
538 3742 758 3828 ἐναυσαμένου
776 3745 880 3826 τινός·
913 3745 1045 3834 φθόνος
1063 3746 1098 3813 ἀὲ
1116 3741 1157 3832 55
1176 3740 1234 3812 άν-

197 3872 309 3935 τικρυς
324 3845 364 3914 τὸ
382 3850 534 3928 τοιοῦτον,
546 3843 604 3936 ἀφ’
620 3836 666 3914 ὦν
681 3848 784 3935 μηδὲν
800 3844 894 3933 όμεῖς
910 3843 1087 3936 ἠδίκησθε,
1105 3846 1232 3914 τούτων

197 3949 335 4017 κωλύειν
363 3948 578 4035 μεταόιόόναι
606 3962 679 4031 τοῖς
704 3949 882 4036 δεομένοις.
929 3956 1039 4019 καίτοι
1066 3951 1170 4030 θεούς
1194 3972 1231 4036 γε

199 4044 297 4133 ὄντας
321 4049 472 4142 ἀγαθοὺς
490 4050 553 4143 χρὴ
574 4047 657 4123 εἶναι
679 4054 734 4122 καὶ
757 4047 936 4144 “όωτηρας
957 4048 1064 4121 ἔάων”
1080 4053 1144 4118 1καὶ
1168 4048 1231 4131 ἕξιν
1267 4120 1270 4127 ,
