2752 4632
374 275 453 332 XVI.
480 274 743 330 ΚΑΤΑΠΛΟΥΣ
764 274 884 332 14-17.
1077 263 1142 329 237

110 367 316 470 εόζωνοςήν,
336 376 476 469 κάπειδή
494 380 595 466 μόνον
611 376 631 470 ή
646 375 804 467 Ἄτροπος
822 379 932 449 ἐνευσέ
946 406 1019 465 μοι,
1040 379 1143 468 ἀσμε-

110 511 166 565 νος
191 481 387 571 ἀπορρίψας
412 481 470 572 τὴν
496 485 613 571 σμίλην
633 485 689 550 καὶ
710 480 748 550 τὸ
771 482 920 569 κάττυμα
936 525 979 535 -
995 486 1142 576 κρηπῖδα

109 589 171 677 γάρ
189 612 263 654 τινα
281 585 314 653 ἐν
331 597 402 654 τοῖν
416 598 526 673 χεροῖν
544 582 630 669 εἶχεν
647 625 691 637 -
707 582 925 677 ἀναπηδήσας
945 583 1048 667 εδθδς
1065 582 1143 655 ἀνυ-

109 691 259 777 πόδητος
285 684 363 757 οόδέ
386 687 444 777 τὴν
469 691 686 777 μελαντηρίαν
712 684 964 777 ἀπονιψάμενος
986 690 1141 778 είπόμην·

109 795 234 880 μᾶλλον
253 793 289 860 δὲ
306 788 449 880 ἡγεόμην
466 791 501 872 ἐς
517 789 557 860 τδ
575 792 692 881 πρόσω
710 789 808 882 δρῶν.
838 788 931 860 οάδέν
943 792 1005 881 γάρ
1018 818 1061 877 με
1077 798 1144 861 τῶν

109 896 250 967 κατόπιν
273 893 455 983 ἐπέστρεφε
476 896 532 962 καὶ
552 895 732 979 μετεκάλει.
768 897 823 962 καλ
844 893 882 983 νή
904 891 959 967 Δί’
976 891 1037 983 ήδη
1060 893 1143 962 καλὰ

8 1042 9 1045 =
108 997 152 1068 τὰ
177 995 257 1087 παρ’
275 994 353 1082 ὑμῖν
375 997 486 1065 πάντα
511 994 595 1085 δρῶ·
624 999 664 1066 τό
686 1023 723 1065 τε
743 995 805 1087 γὰρ
828 998 995 1082 ἰσοτιμίαν
1017 993 1145 1066 άπασιν

109 1098 195 1171 εἶναι
207 1102 261 1171 καὶ
274 1100 398 1187 μηδένα
408 1106 469 1168 τοῦ
481 1103 621 1188 πλησίον
635 1103 813 1188 διαφέρειν,
832 1098 1054 1190 δπερήδιστυν
1070 1099 1145 1186 ἐμοὶ

107 1209 189 1294 γοῦν
216 1204 315 1271 δοκεῖ.
350 1208 568 1292 τεκμαίρομαι
594 1204 630 1271 δέ
654 1201 735 1291 μηδ’
751 1201 1039 1272 ἀπαιτεῖσθαι-τὰ
1064 1209 1145 1293 χρία

107 1304 189 1386 τοὺς
207 1303 401 1394 ὀφείλοντας
419 1304 565 1373 ἐνταῦθα
586 1307 669 1393 μηδέ
691 1306 817 1397 φόρους
834 1303 1018 1389 ὑποτελεῖν,
1046 1304 1085 1375 τὸ
1108 1307 1145 1374 δὲ

106 1414 280 1498 μέγιστον,
297 1408 382 1495 μηδὲ
399 1410 509 1497 ῥιγοῦν
521 1414 582 1476 τοῦ
597 1415 757 1494 χειμῶνος
770 1410 853 1496 μηδὲ
865 1422 974 1478 νοσεῖν
985 1407 1064 1497 μηδ’
1075 1406 1144 1477 ἀπὸ

107 1519 178 1581 τῶν
204 1514 434 1599 δυνατωτέρων
460 1511 675 1599 ῥαπίζεσθαι.
711 1510 820 1601 εἰρήνη
847 1512 884 1581 δέ
909 1518 1004 1583 πάσα
1026 1511 1145 1580 καὶτὰ

107 1616 292 1704 πράγματα
306 1612 339 1694 ές
352 1612 390 1683 τό
405 1613 546 1698 ἔμπαλιν
560 1611 842 1702 ἀνατετραμμένα·
860 1611 954 1701 ἡμεῖς
966 1616 1025 1700 μέν
1039 1616 1072 1682 οί
1084 1620 1146 1683 πέ-

106 1742 204 1806 νητες
220 1721 378 1804 γελῶμεν,
407 1714 564 1785 ἀνιῶνται
582 1717 691 1784 δὲκαὶ
709 1715 907 1800 οἰμώζουσιν
925 1718 958 1783 οῖ
975 1720 1143 1786 πλούσιοι.

162 1835 275 1891 me.
309 1819 422 1888 Πάλαι
440 1809 495 1887 οὖν
514 1843 565 1901 σε,
586 1810 778 1900 ῶΜίκυλλε,
797 1820 942 1905 γελῶντα
960 1818 1080 1908 δώρων.
1111 1825 1146 1888 τί
1164 1840 1195 1890 16

107 1913 199 2011 δ’,ήν
216 1918 237 1990 ό
254 1946 291 1990 σε
308 1923 454 2007 μάλιστα
472 1921 568 1991 ἐκίνει
585 1925 697 2010 γελᾶνς

163 2041 243 2097 ΜΙΚ.
271 2021 436 2107 ἕλκουσαν,
456 2015 679 2115 ῶτιμιωτάτη
692 2051 751 2110 μοι
764 2031 871 2093 θεῶν·
889 2030 1059 2114 παροικῶν
1077 2020 1144 2091 ἀνω

106 2129 259 2216 τυράννῳ
281 2129 369 2196 πάνυ
392 2125 536 2215 ἀκριβῶς
559 2127 671 2214 ἐώρων
696 2127 739 2196 τὰ
759 2128 932 2216 γιγνόμενα
958 2124 1035 2214 παρ’
1056 2125 1145 2214 αάτηῖ

107 2236 171 2305 καί
186 2256 246 2316 μοι
264 2229 372 2298 ἐδόκει
392 2232 468 2298 τότε
491 2229 629 2310 ἰσόθεός
648 2257 702 2313 τις
724 2227 824 2299 εἶναι·
850 2237 909 2319 τῆς
925 2256 960 2298 τε
981 2229 1043 2318 γὰρ
1061 2256 1146 2319 πορ-

109 2335 222 2425 φύρας
239 2331 278 2401 τό
297 2329 403 2412 ἀνθος
421 2329 506 2419 δρῶν
520 2331 713 2419 ἐμακάριζον
726 2337 782 2401 καὶ
794 2341 860 2402 τῶν
873 2332 1146 2401 ἀκολουθούντων

108 2437 153 2508 τὸ
171 2440 305 2524 πλῆθος
322 2438 378 2503 καὶ
394 2433 451 2504 τὸν
465 2434 588 2521 χρυσὸν
605 2439 661 2502 καὶ
673 2434 715 2504 τὰ
729 2437 952 2523 λιθοκόλλητα
966 2436 1147 2520 ἐκπώματα

107 2542 171 2609 καὶ
192 2538 252 2617 τὰς
272 2542 383 2618 κλίνας
403 2535 464 2616 τὰς
485 2534 731 2626 ἀργυρόποδας·
760 2538 809 2608 ἐτι
832 2540 869 2606 δέ
889 2542 946 2605 καὶ
966 2535 986 2625 ἡ
1009 2551 1104 2606 κνῖσα
1125 2534 1145 2625 ἡ

107 2647 181 2710 τῶν
199 2641 440 2725 σκευαζομένων
454 2639 488 2719 ές
498 2639 538 2707 τό
553 2641 687 2709 δεῖπνον
701 2638 859 2711 ἀπέκναιέ
871 2666 926 2725 με,
947 2635 1032 2707 ῶστε
1046 2637 1148 2726 όπερ-

10 2784 11 2787 ε
107 2745 298 2831 ἄνθρωπός
318 2767 369 2822 τις
392 2739 472 2832 ἀνήρ
493 2743 759 2832 καὶτρισόλβιός
779 2767 839 2827 μοι
860 2746 1074 2831 κατεφαίνετο
1092 2744 1148 2808 καὶ

105 2849 288 2935 μονονουχὶ
304 2848 444 2915 καλλίων
464 2848 520 2913 καλ
542 2843 748 2935 ὑψηλότερος
769 2842 836 2933 όλῳ
854 2846 954 2933 πήχει
974 2848 1145 2933 βασιλικῷ,

107 2949 333 3037 ἐπαιρόμενος
353 2955 393 3038 τῇ
413 2948 494 3039 τάχη
514 2952 571 3016 καὶ
593 2955 719 3033 σεμνῶς
739 2954 930 3040 προβαίνων
950 2951 1007 3016 καὶ
1032 2946 1148 3017 ἐαυτὸν

106 3051 319 3135 ἐξυπτιάζων
340 3051 495 3132 καὶτοὺς
516 3050 764 3140 ἐντυγχάνοντας
786 3050 987 3141 ἐκπλήττων·
1015 3051 1089 3120 ἐπεὶ
1112 3052 1148 3119 δὲ

106 3152 300 3232 ἀπέθανεν,
320 3151 420 3233 αὐτός
436 3179 472 3221 τε
489 3158 687 3242 παγγέλοιος
701 3153 805 3245 ὤφθη
818 3181 878 3241 μοι
896 3152 1149 3239 ἀποδυσάμενος

103 3256 176 3347 τὴν
199 3253 340 3344 τρυφήν,
366 3253 535 3340 κάμαυτοῦ
558 3255 608 3325 ἐ’τι
631 3259 756 3342 μᾶλλον
777 3262 969 3346 κατεγέλων,
998 3255 1069 3324 οίον
1089 3257 1149 3322 κά-

104 3368 235 3447 θαρμα
262 3356 441 3446 ἐτεθήπειν
461 3356 530 3427 ἀπὸ
556 3364 615 3447 τῆς
636 3366 746 3448 κνίσης
771 3360 1025 3447 τεκμαιρόμενος
1047 3356 1148 3425 αὐτοῦ

105 3461 174 3552 τήν
192 3457 403 3545 εὐδαιμονίαν
419 3464 475 3529 καὶ
491 3463 678 3551 μακαρίζων
695 3462 754 3531 ἐπὶ
769 3469 818 3549 τῷ
837 3461 953 3547 αἵματι
974 3466 1040 3528 τῶν
1057 3458 1091 3528 ἐν
1107 3467 1150 3549 τῇ

105 3571 288 3654 Λακωνικῇ
306 3563 458 3653 θαλάττῃ
475 3565 643 3647 κοχλίδων.
679 3563 719 3634 οδ
740 3566 840 3651 μόνον
859 3565 895 3632 δέ
911 3569 1040 3646 τοῦτον,
1065 3559 1149 3631 ἀλλὰ
1168 3585 1200 3633 17

106 3667 241 3739 καὶτὸν
256 3664 426 3761 δανειστήν
437 3673 593 3755 Γνίφωνα
610 3666 689 3737 idm
708 3673 861 3737 στένοντα
877 3670 933 3735 καὶ
949 3666 1150 3753 μεταγιγνῶ

110 3794 251 3853 σκοντα,
279 3767 333 3839 ότι
349 3770 395 3861 μή
414 3767 581 3839 ἀπέλαυσε
602 3777 668 3839 τῶν
687 3772 876 3858 χρημάτων,
907 3767 975 3838 ἀλλ’
992 3767 1150 3857 άγενστος

109 3868 225 3953 αὐτῶν
247 3872 401 3943 ἀπέθανε
421 3880 480 3962 τῷ
492 3871 611 3960 ἀσώτῳ
630 3871 812 3959 Ῥοδοχάρει
834 3871 893 3962 τὴν
914 3871 1028 3942 οὐσίαν
1049 3898 1150 3940 κατα-

106 3974 225 4045 λιπῶν
241 4014 285 4024 -
303 3967 399 4058 οὗτος
416 3976 478 4069 γὰρ
495 3972 635 4064 ἀγχιστα
651 3966 691 4063 ήν
708 3972 799 4063 αὐτῷ
815 3982 928 4061 γένους
943 3979 999 4043 καὶ
1016 3980 1150 4064 πρῶτος
1198 4054 1203 4059 ,

107 4074 177 4157 ἀντὶ
196 4076 254 4151 τόν
275 4081 391 4171 κλήρον
413 4080 559 4151 ἐκαλεῖτο
580 4076 675 4173 παρὰ
696 4083 763 4147 τῶν
783 4077 892 4164 νόμων
914 4116 956 4129 -
978 4074 1039 4146 αάκ
1063 4075 1149 4162 ελχον
