2752 4632
222 217 294 309 236
590 225 873 291 ,Λουκιεαοκ
920 278 924 285 .
990 236 996 285 ;

280 353 366 409 ΜΕΓ.
404 332 567 423 Τολμήσει
588 330 651 423 γὰρ
669 338 828 412 Κυνίσκος
845 329 1130 421 ἐπανατείνασθαί
1148 354 1210 419 μοι
1225 333 1266 406 τό

228 440 390 564 βάκτρον,
415 433 475 504 οάκ
500 435 564 523 ἐγώ
592 460 630 505 σε
656 436 784 526 πρῴην,
820 430 875 507 ότι
900 414 1126 522 ἐλεόθερός”
1102 459 1185 523 αγαν
1210 440 1267 507 καί

228 541 359 632 τραχὺς
369 531 464 629 ἦσθα
483 542 540 607 καί
562 536 803 627 ἐπιτιμητικός,
830 543 950 628 μικροῦ
977 538 1045 607 δεῖν
1069 546 1268 691 προσεπατ-

228 645 389 727 τάλευσας

279 760 365 816 ΚΥΝ.
403 749 582 834 Τοιγαροῦν
601 756 712 829 μενεῖς
731 746 788 811 καὶ
810 740 849 813 σὺ
871 770 919 833 τρι
904 743 1021 832 ἱστῷ
1042 708 1266 833 προσπεπατ·

105 852 108 859 ’
226 849 433 931 ταλευμένος.
561 890 563 893 v

177 973 211 1023 14
278 965 359 1021 ΜΙΚ
397 949 489 1018 Εἰπέ
504 975 578 1033 μοι,
607 974 634 1015 ω
619 909 805 1029 Κλωθοῖ,
833 946 914 1032 έμοό
933 947 969 1016 δὲ
986 944 1097 1028 ουδεὶς
1111 945 1266 1034 υμῖνλο-

224 1078 299 1140 γος;
329 1049 462 1140 ἢδιότι
483 1056 585 1139 πένης
606 1052 688 1137 εἶμί,
717 1048 774 1119 διὰ
795 1056 892 1121 τοῦτο
917 1053 974 1119 καλ
997 1049 1266 1138 τελευταῖονδμ-

225 1160 326 1244 βῆναί
342 1178 384 1239 με
402 1154 470 1238 δεῖς

229 1326 233 1331 .
278 1272 390 1328 me.
425 1255 472 1324 Σὺ
492 1253 659 1340 anaqal,-

277 1373 358 1429 MIK
399 1353 648 1442 Ὁσκυτοτόμσς
664 1360 839 1437 Μίκυλλος.

278 1475 389 1531 me.
423 1456 511 1528 Εἶτα
528 1456 618 1548 ἀχθῃ
635 1461 822 1549 βραδύνωνς
852 1456 912 1543 οάχ
934 1455 1015 1549 δρᾷς
1038 1455 1150 1529 ὁπόσα
1168 1457 1186 1528 δ
1204 1461 1266 1530 τά·

227 1588 342 1652 ραννος
359 1558 568 1646 ὑπισχνεῖται
586 1562 705 1635 δώσειν
724 1560 868 1651 ἀφεθεὶς
889 1559 977 1649 πρὸς
994 1558 1118 1648 ἀλέγυνε
1141 1569 1265 1649 θαῦμα

225 1672 303 1753 γοῦν
321 1664 387 1748 έχει
403 1690 445 1753 με
463 1662 555 1752 εἰμὴ
572 1661 726 1755 ἀγαπητὴ
745 1668 800 1733 καὶ
818 1661 910 1752 σοὶῆ
930 1664 1093 1752 διατριβή.

277 1783 358 1838 MIK.
387 1762 552 1846 Ἄκουσον,
565 1757 599 1833 Δἀ
612 1772 764 1856 βελτίστη
778 1772 926 1854 Μοιρῶν·
946 1764 983 1834 οά
1001 1767 1090 1835 πάνυ
1108 1793 1150 1852 με
1166 1764 1263 1856 ficos

225 1870 409 1950 Κύκλωπος
426 1867 596 1959 εὐφραίνει
614 1868 736 1959 δωρεὰ,
759 1868 798 1938 τὸ
816 1865 1093 1952 ὗπισχνεῖσθαι”
1072 1895 1126 1938 οτι
1147 1871 1263 1955 πόμα-

224 1998 282 2042 τον
300 1971 414 2061 δγώ
380 1998 438 2041 τον
458 1963 553 2040 Οὖτιν
570 1971 805 2058 κατέδομαι·’
790 1969 830 2059 ήν
846 1997 882 2039 τε
898 1978 976 2059 γοῦν
992 1978 1141 2058 πρῶτον,
1168 1969 1209 2062 ἤν
1218 1979 1263 2042 ’τε

224 2075 390 2161 πύματον,
410 2072 500 2142 οῖ’
461 2099 541 2142 αυτο
544 2070 706 2154 ίάδόντες
723 2080 964 2161 περιμένουσιν.
1005 2071 1113 2156 άλλως
1129 2096 1166 2143 τε
1183 2071 1260 2143 οὐδ’

225 2171 328 2262 δ’μσια
344 2175 435 2262 τάμὰ
456 2189 528 2257 τοῖς
549 2182 615 2244 τῶν
637 2180 761 2244 πλουσί
748 2184 821 2243 ίων
849 2176 883 2243 ἐκ
902 2175 1138 2267 διαμέτρου
1100 2204 1164 2266 γαρ
1181 2173 1262 2266 ἡμῖν

225 2279 312 2347 ozi
275 2285 312 2365 βί
313 2300 359 2358 οι,
387 2285 504 2368 φασίν·
532 2305 550 2346 ο
539 2276 627 2363 εμέν
644 2304 681 2365 γε
698 2279 853 2365 τύραννος
870 2275 1035 2364 εὐδαίμων
1052 2275 1136 2349 εἶναι
1154 2280 1261 2349 δοκῶν

223 2380 318 2469 παρὰ
340 2378 397 2448 τὸν
418 2386 505 2466 βίον,
534 2380 678 2470 φοβερός
701 2378 812 2453 ἀπασι
832 2384 888 2449 καὶ
908 2383 1142 2470 περίβλεπτος,
1171 2378 1261 2452 ἀπα

224 2481 332 2553 λιπὼν
347 2481 468 2572 χρυσὸν
489 2489 647 2552 τοόοῦτον
665 2488 727 2551 καλ·
744 2481 883 2574 άργυρον
903 2485 960 2550 καὶ
981 2482 1110 2572 ἐσθῆτα
1126 2486 1181 2553 καί
1199 2485 1261 2554 8⁷:-

222 2609 309 2666 παυς
330 2589 386 2655 καὶ
413 2587 532 2657 δεῖπνα
557 2589 613 2655 καὶ
639 2588 764 2666 παῖδας
787 2584 930 2673 ὡραίους
950 2592 1006 2658 καλ
1028 2601 1183 2676 γυναῖκας
1204 2584 1260 2658 εὖ·

222 2689 375 2778 μόρφους
388 2688 522 2769 εἰκότως
535 2684 649 2777 ἠνιᾶτο
662 2693 717 2756 καὶ
731 2685 975 2777 ἀποσπώμενος
993 2689 1100 2760 αὐτῶν
1118 2687 1262 2779 ἤχθετο*

222 2787 261 2859 οά
288 2790 351 2879 γὰρ
378 2787 443 2858 οἶδ’
468 2787 563 2871 ὅπως
592 2791 749 2880 καθάπερ
781 2792 841 2881 ἰξῷ
866 2821 931 2864 τινι
961 2798 1161 2882 προσέχεται
1183 2806 1261 2875 τοῖς

221 2890 389 2973 τοιοότοις
405 2891 425 2982 ἡ
444 2892 533 2981 ψυχὴ
551 2896 607 2963 καί
626 2891 683 2961 σάκ
707 2893 818 2963 ἐθέλει
835 2892 1112 2965 ἀπαλλάττεσθαι
1133 2896 1260 2986 ῥᾳδίως

223 2990 281 3065 {iva
303 2992 418 3074 αάτοῖς
439 2996 548 3062 πάλαι
569 3010 825 3086 προστετηκυῖα·
855 3001 979 3082 μᾶλλον
1002 3000 1038 3067 δέ
1060 2993 1174 3086 ὥσπερ
1198 2994 1263 3088 ἀρὲι

222 3098 340 3186 ρηκτός
355 3122 408 3178 τις
426 3088 524 3177 οὗτος
541 3094 559 3165 ό
575 3099 695 3183 δεσμός
713 3097 815 3182 ἐστιν,
833 3091 862 3189 ᾦ
878 3102 1039 3171 δεδέσθαι
1056 3106 1259 3189 συμβέβηκεν

223 3197 357 3280 αὐτούς·
390 3196 504 3285 ἀμέλει
525 3197 584 3268 κάν
607 3198 719 3290 ἀπάγῃ
741 3227 794 3281 τις
816 3199 936 3285 αὐτοὺς
955 3201 1040 3289 μετὰ
1056 3209 1147 3289 βίας,
1176 3200 1264 3271 ἀναη

220 3303 386 3371 κωκόσυσι
397 3305 454 3370 καὶ
468 3303 663 3385 ἱκετεύουσι,
683 3316 739 3372 και
728 3300 890 3373 τάλλα’
869 3332 960 3386 οντες
973 3314 1130 3395 θρασεῖς,
1151 3306 1259 3375 δειλοί

220 3404 307 3495 πρὸς
332 3406 453 3494 ταύτην
480 3403 685 3495 εὑρίσκονται
707 3434 767 3496 την
794 3406 852 3479 επλ
877 3407 935 3479 τὸν
963 3403 1078 3505 Αδην
1088 3413 1259 3498 φέρουσαν

221 3503 313 3576 ὁδόν·
333 3507 590 3597 ἐπιστρέφονται
606 3516 684 3595 γοῦν
702 3508 735 3590 ἐς
751 3509 903 3580 τούπίσω
921 3513 978 3583 καὶ
991 3535 1106 3603 ωσπερ
1124 3511 1159 3579 ολ
1176 3513 1260 3581 δυσ-

218 3615 339 3699 έρωτες
359 3607 419 3681 κάν
441 3613 620 3736 πόρρωθεν
642 3607 846 3697 ἀποβλέπειν
869 3612 912 3683 τά
935 3613 968 3682 ἐν
988 3621 1037 3702 τῷ
1064 3616 1155 3703 φωτί
1175 3613 1259 3701 βοά-

218 3716 345 3793 λονται,
373 3711 464 3781 σλαί
447 3741 465 3781 ο
483 3716 627 3798 μάταιος
645 3713 765 3795 έκεῖνσς
788 3715 897 3784 ἐποίει
913 3694 969 3784 καλ
986 3715 1079 3804 παρὰ
1092 3744 1156 3805 την
1175 3714 1261 3786 ὁδὸν

167 3836 200 3886 15
220 3813 476 3905 ἀποδιδράσκων
501 3813 683 3907 κάνταδθά,
697 3841 734 3886 σε
760 3816 1012 3909 καταλιπαρῶνζ
1047 3817 1110 3907 ίγώ
1135 3821 1172 3887 δὲ
1196 3815 1257 3889 ἀτε

216 3919 317 4004 μηδέν
336 3918 416 4001 έχων
434 3918 581 4005 ἐνέχυρον
599 3918 632 3988 ἐν
649 3927 698 4008 τῷ
715 3925 794 4009 βίη),
815 3919 873 3990 οάκ
887 3920 1001 4012 ἀγρὸν,
1021 3919 1059 3990 οὗ
1075 3928 1259 4007 συνοικίαν,

218 4016 256 4086 σά
276 4019 411 4109 χρυσὸν,
440 4019 478 4088 οδ
502 4026 631 4107 σκεῦος,
659 4020 697 4092 οά
721 4025 833 4107 δόξαν,
863 4023 922 4094 οὐκ
943 4025 1084 4110 εἰκόνας,
1118 4026 1263 4108 εἰκότως
1358 4084 1359 4129 η

1347 4376 1357 4592 ι
