2740 4648
307 296 312 303 “
401 295 525 352 ‘XXIV.
552 297 726 355 ΣΚΥΘΗΣ
748 298 831 353 1-3.
1071 286 1135 353 339

107 406 222 473 λοῦσαι
244 402 351 470 εἰπεῖν
369 400 557 490 Ἀθηναίοις
579 397 631 470 ότι
652 401 839 473 παύσονται
859 409 907 490 τῷ
933 406 1040 493 λοιμῷ
1062 403 1136 489 έχό-

106 530 213 593 μενοι,
241 502 279 594 ήν
301 502 378 585 τοὺς
399 503 588 584 στενωποὺς
610 504 688 592 οἴνῳ
714 507 829 593 πολλῶ
856 506 991 594 ῥάνωσι.
1034 514 1133 577 τοῦτο

107 608 260 691 συχνάκις
283 607 455 695 γενόμενον
480 646 524 657 -
550 603 588 675 οὗ
619 604 681 694 γάρ
711 604 876 696 ἠμέλησαν
906 608 940 675 οδ
963 605 1134 697 Ἀθηναῖοι

12 728 13 731 ’
106 706 305 789 ἀκούσαντες
330 748 373 760 -
398 708 524 778 ’ἔπαυσε
548 713 664 796 μηκέτι
689 709 881 795 λοιμώττειν
907 706 1040 793 αὖτοὺς,
1069 711 1135 780 ι’ίτε

107 807 232 897 άτμοός
257 836 350 890 τινας
375 809 539 900 πονηροὺς
565 808 583 878 δ
612 807 700 891 οἶνος
725 815 846 896 σβέσας
870 817 911 902 τῇ
941 810 1039 901 ὀδμῇ,
1067 812 1135 881 ε’ίτε

105 909 187 980 ἀλλο
204 938 238 981 τι
255 915 357 982 πλέον
375 911 472 994 εῑδῶς
490 908 508 980 ό
526 907 614 1002 ἥρως
632 909 654 981 δ,
671 913 818 1001 Τόξαρις,
838 908 896 982 ἅτε
915 913 1060 1005 ἰατρικὸς
1077 911 1133 998 ῶν,

104 1016 366 1100 συνεβούλευσεν.
403 1011 473 1083 ὁδ’
489 1005 547 1083 οὖν
567 1011 695 1099 μισθὸς
715 1020 774 1103 τῆς
797 1015 918 1096 ἰάσεως
940 1015 989 1085 ’ότι
1005 1020 1061 1087 καὶ
1078 1023 1135 1084 νῦν

103 1114 308 1186 ἀποδέδοται
322 1114 411 1205 αότῶ
425 1115 538 1198 λευκὸς
551 1117 658 1198 ἵππος
670 1116 919 1203 καταθυόμενος
929 1118 986 1187 ἐπὶ
998 1125 1045 1206 τῷ
1053 1118 1136 1207 μνή-

99 1245 200 1305 ματι,
220 1214 302 1288 ὅθεν
319 1219 429 1303 ἔδοξεν
445 1216 465 1308 ἦ
484 1224 668 1311 Δημαινέτη
686 1220 899 1308 προελθόντα
917 1218 1016 1288 αὐτὸν
1034 1219 1136 1288 ἐντεί-

100 1323 235 1390 λασθαι
256 1320 361 1391 έκεῖνο
382 1319 425 1390 τά
446 1324 526 1408 περὶ
546 1328 605 1389 τοῦ
629 1321 735 1389 οἴνου·
760 1324 816 1390 καὶ
837 1319 963 1411 ηὑρέθη
986 1321 1095 1390 ἐκεῖθι
1113 1317 1132 1390 δ

103 1424 246 1512 Τόξαρις
261 1429 469 1510 τεθαμμένος
485 1429 526 1512 τῇ
542 1449 579 1491 τε
597 1422 766 1513 ἐπιγραφῇ
782 1426 956 1510 γνωσθεὶς,
977 1424 1007 1492 εἰ
1021 1422 1133 1512 καὶμὴ

98 1531 200 1595 πᾶσα
219 1523 370 1613 ἐφαίνετο
389 1523 452 1606 ἔτι,
471 1528 526 1592 καὶ
542 1524 701 1610 μάλιστα,
726 1521 779 1593 ότι
797 1523 856 1594 ἐπὶ
872 1533 912 1617 τῇ
931 1528 1031 1615 στήλη
1049 1525 1134 1594 Σκό-

97 1633 169 1715 θης
193 1622 273 1715 ἀνὴρ
292 1624 538 1708 ένεκεκόλαπτο,
560 1633 600 1716 τῇ
618 1628 697 1715 λαιᾷ
712 1628 773 1711 μέν
793 1628 891 1708 τόξον
908 1626 988 1711 ’έχων
1006 1628 1134 1697 έντετα-
1250 1638 1254 1648 ’

93 1734 210 1816 μένον,
234 1733 274 1816 τῇ
293 1728 384 1817 δεξιᾷ
402 1726 438 1799 δὲ
454 1730 591 1813 βιβλίον,
616 1725 662 1808 ῶς
679 1728 796 1796 έδόκει.
833 1729 881 1797 ἔτι
898 1733 954 1797 καὶ
975 1736 1030 1799 νῦν
1047 1731 1134 1810 ἰ’δοις

94 1829 138 1900 ἀν
157 1826 266 1898 αὐτοῦ
285 1827 369 1919 ὑπὲρ
387 1825 487 1917 ήμισο
505 1828 616 1905 καλτδ
639 1833 735 1912 τόξον
758 1825 835 1901 δ’λον
856 1830 972 1909 καὶτὸ
988 1835 1133 1917 βιβλίον·

93 1933 138 2002 τά
163 1930 200 2000 δ’
217 1928 285 1999 ἀνω
307 1938 365 2021 τῆς
387 1933 506 2020 στήλης
527 1935 581 1999 καὶ
607 1931 646 1999 τὸ
672 1933 857 2023 πρόσωπον
883 1929 903 2001 δ
927 1933 1044 2022 χρόνος
1068 1930 1133 2023 ήδη

95 2034 286 2124 ἐλυμήνατό
309 2059 386 2102 που.
423 2034 494 2102 ἔστι
517 2034 553 2102 δέ
572 2030 610 2101 οὗ
632 2032 719 2101 πολὺ
742 2032 811 2104 ἀπὸ
833 2042 892 2103 τοῦ
911 2036 1075 2118 Διπύλου,
1100 2034 1134 2102 ἒν

94 2138 263 2231 ἀριστερᾷ
281 2135 328 2216 εἷς
337 2134 549 2222 Ἀκαδήμειαν
567 2133 731 2219 ἀνιόντων,
752 2135 789 2205 οό
807 2143 891 2226 μέγα
907 2135 946 2206 τὸ
962 2143 1060 2222 χῶμα
1077 2140 1133 2205 καὶ

94 2240 117 2332 ,ἦ
133 2242 241 2328 στήλη
254 2240 374 2323 χαμαί·
391 2236 476 2328 πλήν
490 2235 558 2305 ἀλλ’
570 2237 727 2307 ἔστεπταί
737 2265 774 2327 γε
788 2238 849 2321 ἀεὶ,
868 2245 925 2306 καί
938 2264 1023 2327 φασι
1031 2264 1134 2327 πορε-

92 2341 276 2421 ταένοντάς
296 2367 388 2420 τινας
408 2336 471 2430 ήδη
493 2346 695 2415 πεπαῦσθαι
716 2338 772 2410 ὑπ’
789 2339 903 2423 αὐτοῦ,
930 2344 986 2408 καὶ
1006 2339 1055 2426 μά
1075 2339 1133 2410 τὸν

91 2442 270 2519 Δί’·οόδέν
289 2441 440 2524 ἀπιστον,
460 2443 497 2523 ὃς
516 2439 591 2532 δ’λην
608 2445 692 2511 ποτέ
711 2444 829 2513 ἰάσατο
842 2442 899 2532 τήν
911 2443 1020 2512 πόλιν.
1049 2440 1167 2513 ἀλλάε

89 2549 159 2638 γδιρ
180 2537 287 2634 οὗπερ
306 2544 397 2613 ἕνεκα
415 2543 580 2634 ἐμνήσθην
599 2543 711 2628 αὐτοῦ,
731 2545 785 2633 έζη
803 2547 862 2630 μέν
880 2545 929 2614 ἔτι
947 2542 965 2613 δ
984 2545 1131 2633 Τόξαρις,

90 2648 328 2733 όίινάχαρσις
346 2648 382 2715 δε
400 2644 476 2733 ἀρτι
493 2647 771 2727 καταπεπλευκώς
790 2644 882 2736 ἀνῄει
904 2645 939 2714 έκ
955 2654 1131 2736 Πειραιῶς,

88 2752 153 2821 οἶα
174 2748 218 2838 δὴ
240 2752 329 2831 ξένος
345 2752 401 2818 καὶ
416 2749 585 2839 βάρβαρος
608 2747 645 2819 οὗ
666 2756 808 2837 μετρίως
829 2754 1065 2836 τεταραγμένος
1083 2748 1133 2816 ἐ’τι

86 2853 152 2946 τήν
175 2854 321 2943 γνώμην,
348 2851 459 2920 πάντα
480 2849 613 2939 ἀγνοῶν,
642 2849 815 2941 ψοφοδεὴς
836 2849 922 2939 πρὸς
948 2849 1130 2934 τὰπολλὰ,

86 2957 155 3026 οὐκ
175 2956 261 3038 ἔχων
279 2950 299 3022 ὅ
315 2979 350 3021 τι
365 2955 522 3043 χρήσαιτο
540 2953 662 3043 ἑαυτῷ·
680 2957 736 3025 καὶ
751 2951 814 3044 γάρ
828 2960 931 3022 συνίει
947 2953 1134 3041 καταγελῶ-

84 3082 196 3147 μενος
220 3052 289 3121 όπὸ
311 3062 376 3122 τῶν
398 3053 549 3144 δρώντων
571 3058 631 3127 ἐπὶ
645 3063 684 3148 τῇ
708 3063 818 3146 σκενῇ,
846 3059 902 3123 καὶ
925 3052 1132 3145 δμόγλωττον

85 3157 221 3230 οὐδένα
240 3149 385 3242 ηὕρισκε,
408 3161 463 3224 καὶ
481 3156 566 3238 ὅλως
581 3163 754 3244 μετέμελεν
773 3158 862 3247 αὐτῷ
884 3154 946 3247 ήδη
964 3164 1023 3245 τῆς
1041 3154 1130 3240 δδοό,

82 3266 146 3334 καὶ
168 3258 328 3347 ἐδέδοκτο
351 3257 463 3325 ἰδόντα
484 3260 583 3342 μόνον
604 3259 816 3347 τὰςᾌθήυας
839 3258 897 3326 ἐπὶ
918 3260 1015 3328 πόδα
1029 3256 1133 3338 εὐθὺς

83 3365 212 3436 όπὶσω
231 3370 350 3447 χωρεῖν
367 3363 422 3428 καὶ
438 3362 547 3448 πλοίῳ
562 3360 724 3444 ἐπιβάντα
743 3363 837 3428 πλεῖν
852 3350 955 3440 αὖθις
972 3359 1030 3427 ἐπὶ
1042 3370 1132 3428 Βοσ-

81 3469 224 3557 πόρου,
256 3455 337 3529 ὅθεν
360 3459 398 3529 οὗ
420 3459 526 3552 πολλή
554 3461 684 3548 ἔμελλεν
707 3459 795 3550 αὐτῷ
818 3458 896 3543 ὁδὸς
918 3461 1058 3531 έσεσθαι
1081 3460 1133 3529 οἵ·

81 3573 173 3641 καδε
194 3564 235 3645 ές
251 3564 397 3646 Σκόθας.
425 3561 529 3646 οὕτως
547 3565 651 3649 έχοντι
667 3571 715 3652 τῷ
724 3560 930 3652 Ἀναχάρσιδι
948 3563 1132 3659 ἐντυγχάνει

80 3678 229 3759 δαίμων
249 3691 300 3747 τις
318 3662 448 3755 ἀγαθὸς
466 3664 513 3749 ῶς
530 3664 667 3754 ἀληθῶς
685 3664 703 3733 ὁ
722 3667 858 3754 Τόξαρις
875 3663 937 3754 ήδη
956 3665 989 3732 έν
1006 3671 1054 3753 τῷ
1068 3675 1132 3732 Κε-

77 3774 264 3868 ραμεικῷ·
286 3767 398 3838 καὶτὸ
415 3770 474 3856 μὲν
490 3776 623 3859 πρῶτον
640 3766 660 3857 ἡ
680 3766 778 3856 στολή
792 3765 896 3838 ,αὐτὸν
913 3767 1130 3837 ἐπεσπάσατο

78 3878 287 3960 πατριῶτις
300 3862 393 3953 οὖσα,
414 3869 485 3941 εἶτα
498 3877 610 3956 μέντοι
624 3868 661 3939 οὗ
674 3874 828 3955 χαλεπῶς
842 3871 953 3956 ἔμελλε
966 3871 1021 3936 καὶ
1031 3865 1131 3937 αὐτὸν

75 3977 294 4074 γνώσεσθαι
314 3972 371 4043 τὸν
388 3971 576 4060 Ἀνάχαρσιν
603 3968 661 4041 άτε
685 3966 798 4060 γένους
818 3979 877 4039 τοῦ
904 3971 1130 4056 δοκιμωτάτου

73 4080 169 4154 ὄντα
189 4073 253 4142 καὶ
273 4071 305 4141 έν
318 4088 389 4157 τοῖς
402 4075 549 4163 πρώτοις
563 4080 712 4143 Σκυθῶν.
740 4071 757 4144 ό
769 4073 957 4162 Ἀνάχαρσις
970 4075 1006 4141 δέ
1019 4074 1130 4159 πόθεν

107 4174 111 4181 .
903 4176 959 4231 22,
