2722 4646
393 235 460 293 VII.
482 234 755 292 ΠΡΟΜΗΘΕΥΣ
776 237 894 329 11-1δ.
1059 230 1062 236 ’
1117 225 1161 292 59

112 343 222 432 πηλοῦ
257 340 337 429 ζῷα
363 339 507 429 ἐποίησα
533 344 589 409 καὶ
618 339 657 409 τὸ
683 346 768 420 τέως
798 336 947 430 ἀκίνητον
972 340 1008 423 ές
1036 347 1162 432 κίνησιν

109 441 252 533 ἤγαγον·
285 445 361 525 καὶ,
390 440 436 525 ὥς
454 442 552 523 έοικε,
579 441 618 512 τὸ
637 441 695 512 ἀπ’
712 442 833 512 ἐκείνου
855 436 954 533 ἧττον
975 450 1056 514 θεοί
1077 446 1161 516 εἰσιν

110 546 144 615 οἱ
165 547 269 629 θεολ,
304 545 395 615 διότι
418 547 475 613 καλ
501 545 559 614 ἐπὶ
583 552 642 635 γῆς
662 573 737 614 τινα
757 544 867 635 θνητὰ
890 547 958 636 ζῷα
978 553 1162 637 γεγένηται·

109 644 198 718 οῦτω
217 646 293 740 γὰρ
313 646 352 738 δη
370 651 426 716 καὶ
444 644 619 736 άγανακτεῖ
634 656 689 718 νῦν
707 647 816 730 δΖεὺς
834 644 947 739 ὥσπερ
967 649 1162 736 ἐλαττουμέ-

105 775 173 820 νων
189 757 268 820 ττῦν
284 757 381 819 θεῶν
399 749 434 819 ἐκ
446 758 505 839 τῆς
514 757 581 819 τῶν
594 748 791 842 ἀνθρώπωνΔ
802 757 972 840 γενέσεως,
992 753 1022 820 εἰ
1034 750 1080 842 μὴ
1095 751 1162 845 όρα

105 858 209 921 τοῦτο
229 853 344 936 δέδιε,
370 853 416 943 μη
439 856 495 922 καὶ
513 844 609 923 οῦτοι
629 850 818 923 όπόστασιν
836 851 888 923 ἐπ’
904 852 1003 923 αῦτδν
1023 857 1162 940 βουλεύ-

107 978 196 1024 σωσι
213 957 280 1023 καὶ
299 957 449 1041 πόλεμον
468 956 656 1045 ἐξενέγκωσι
672 955 759 1045 πρὸς
776 955 855 1038 τοῦς
871 956 975 1039 θεοὺς
994 953 1108 1046 ὥσπερ
1127 958 1161 1027 οἱ

103 1064 284 1147 Γίγαντες.
315 1054 383 1126 ἄλλ’
396 1055 521 1146 ὅτιμὲν
535 1059 574 1150 δὴ
593 1056 689 1127 οῦδὲν
707 1056 882 1148 ἠδίκησθε,
903 1051 1053 1151 ὦἙρμῆ,
1072 1059 1161 1152 πρὸς

105 1158 190 1246 έμοῦ
208 1160 274 1230 καὶ
298 1168 366 1230 τῶν
387 1160 490 1252 έργων
510 1169 576 1231 τῶν
600 1161 701 1249 ἐμῶν,
730 1163 842 1250 δῆλον·
868 1159 889 1252 ἢ
911 1161 952 1231 οῦ
972 1164 1079 1246 δεῖξον
1099 1160 1160 1232 κόν

27 1344 28 1349 ¹
107 1262 140 1331 έν
160 1290 199 1332 τι
220 1264 444 1356 μικρότατον,
471 1262 561 1353 κᾶγώ
584 1266 803 1354 σιωπήσομαι
824 1269 880 1334 καὶ
903 1268 1015 1337 δίκαια
1038 1266 1159 1353 ἐ’σομαι

105 1364 308 1448 πεπονθὼς
324 1366 411 1456 πρὸς
427 1365 527 1454 ὑμῶν.
560 1362 614 1436 ότι
632 1368 669 1436 δέ
685 1371 741 1435 καὶ
755 1369 902 1457 χρήσιμα
914 1376 1018 1439 ταῦτα
1029 1374 1160 1460 γεγένη-
1179 1390 1212 1442 14

104 1493 165 1536 ται
175 1482 257 1551 τοῖς
271 1474 387 1553 θεοῖς,
408 1466 515 1551 οῦτως
527 1467 568 1540 δν
579 1471 722 1557 μάθοις,
743 1471 773 1538 εἰ
787 1471 1006 1559 ἐπιβλέψειας
1023 1468 1159 1541 ἅπασαν

105 1568 164 1659 τὴν
180 1579 246 1661 γῆν
267 1569 375 1640 οὐκέτ’
391 1570 559 1663 αῦχμηρδιν
581 1577 635 1641 καὶ
658 1571 767 1663 άκαμη
787 1564 903 1656 οὖσαν,
931 1572 1015 1642 ἀλλὰ
1037 1576 1159 1646 πόλεσι

107 1676 163 1742 καὶ
188 1682 377 1766 γεωργίαις
401 1678 457 1743 καὶ
483 1689 602 1764 φυτοῖς
627 1673 762 1765 ἡμέροις
784 1678 1080 1767 διακεκοσμημένην
1101 1681 1158 1746 καὶ

107 1773 165 1863 τὴν
186 1778 373 1857 θάλατταν
395 1781 576 1865 πλεομένην
597 1781 653 1845 καὶ
673 1777 735 1859 τὰς
752 1779 871 1868 νήσους
891 1786 1155 1866 κατοικουμένας,

110 1873 312 1966 ἁπανταχοῦ
339 1882 376 1949 δὲ
399 1879 534 1968 βωμοὺς
554 1882 611 1947 καὶ
631 1887 756 1960 θυσίας
771 1880 840 1948 καὶΙ
853 1880 953 1960 ναοὺς
974 1886 1030 1949 καὶ
1050 1908 1158 1970 πανη-

111 1981 238 2072 γύρεις·
267 1986 391 2070 μεσταὶ
409 1985 446 2052 δέ
462 1981 545 2063 Διὸς
559 1988 672 2053 πᾶσαι
692 1984 751 2068 μέν
769 1979 896 2070 άγυιαὶ,
923 1989 1034 2053 πᾶσαι
1051 1980 1083 2050 δ’
1100 1981 1158 2052 άν-

108 2085 272 2172 θριόπων
287 2084 415 2175 ἀγοραί.
442 2084 574 2177 καὶγὰρ
587 2085 618 2154 εἰ
629 2087 688 2171 μὲν
699 2083 829 2175 ἐμαυτῷ
837 2087 929 2174 μόνην
941 2092 1048 2174 κτῆμα
1056 2092 1156 2154 τοῦτο

111 2181 324 2276 ἐπλασάμην,
335 2188 566 2258 ἐπλεονέκτουν
585 2187 625 2257 δν
638 2190 735 2269 ἰ’σως·
753 2196 808 2259 νῦν
826 2185 859 2257 δ’
871 2188 904 2268 ἐς
921 2186 960 2256 τὸ
973 2186 1083 2256 κοινὸν
1096 2193 1158 2277 (pb,-

111 2312 177 2376 ρων
193 2297 371 2379 κατέθηκα
388 2289 465 2378 ῦμῖν
483 2289 612 2373 αὐτοῖς·
629 2296 753 2378 μᾶλλον
767 2293 804 2361 δὲ
813 2290 894 2372 Διὸς
905 2292 964 2378 μὲν
978 2288 1157 2360 καὶᾌπόλ-

111 2391 215 2474 λωνος
233 2396 295 2463 καὶ
304 2390 405 2486 Ἥρας
421 2397 477 2462 καὶ
494 2401 556 2462 σοῦ
579 2396 629 2475 δέ,
658 2387 812 2484 ὦἙρμῆ,
839 2392 922 2475 νεὼς
944 2394 1026 2464 ἰδεῖν
1049 2391 1157 2463 ἆπαν-

111 2503 214 2578 ταχοῦ
229 2497 315 2581 ἔστι,
333 2501 543 2588 Προμηθέως
556 2494 761 2583 δέοῦδαμοῦ.
789 2493 973 2588 δρᾷςόπως
984 2495 1156 2582 τάμαυτοῦ

110 2597 195 2677 μόνα
223 2607 362 2690 σκοπῶ,
393 2597 437 2668 τὰ
462 2598 557 2668 κοινὰ
584 2601 621 2666 δὲ
646 2601 921 2687 καταπροδίδωμι
946 2600 1003 2666 καὶ
1029 2597 1155 2668 ἐλάττω

109 2708 213 2773 ποιῶ.
256 2703 306 2772 έιι
324 2704 361 2771 δέ
377 2728 450 2789 μοι,
471 2693 626 2790 ιδἘρμῆ,
644 2704 702 2769 καὶ
718 2701 796 2770 τόδε
814 2701 980 2788 ἐννόησον,
1000 2700 1034 2769 εἴ
1047 2706 1082 2789 τέ
1100 2726 1155 2770 σοι
1174 2723 1206 2773 ιο

111 2801 202 2874 δοκεῖ
219 2801 359 2894 ἀγαθὸν
377 2801 575 2896 ἀμάρτυρον,
596 2803 667 2873 οἷον
683 2810 790 2893 κτῆμα
807 2800 986 2893 ἢποίημα,
1007 2803 1025 2873 ὃ
1040 2804 1155 2892 μηδεὶς

110 2900 243 2992 όψεται
259 2909 344 2997 μηδὲ
362 2906 586 2990 ἐπαινέσεται,
615 2904 741 2993 δμοίως
762 2904 824 2995 ἡδὺ
847 2910 903 2974 καὶ
920 2905 1061 2998 τερπνὸν
1083 2907 1156 2975 ἐσε-

113 3014 200 3080 οθαι
212 3018 265 3099 τῷ
280 3010 395 3094 ἐνέοντο.
418 3009 505 3096 πρὸς
519 3009 558 3100 δὴ
575 3016 610 3078 τέ
626 3008 712 3079 τοῦτ’
730 3008 824 3100 έφην,·
842 3005 896 3077 ότι
913 3006 957 3098 μὴ
975 3015 1155 3098 γενομένων

111 3116 177 3180 τῶν
195 3111 393 3202 ἀνθρώπων
411 3109 598 3203 όμάρτυρον
616 3119 785 3199 συνέβαινε
802 3109 840 3180 τὸ
855 3112 974 3194 κάλλος
991 3110 1155 3181 εἶναιτῶν

115 3204 199 3284 ὅλων
205 3269 215 3299 ,
249 3217 305 3286 καὶ
323 3215 469 3284 πλοῦτόν
490 3241 565 3284 τινα
586 3211 785 3304 πλουτήσειν
803 3214 978 3301 ἐμέλλομεν
1001 3211 1078 3283 οῦτε
1094 3211 1151 3283 ὑπ’

115 3310 218 3386 άλλου
241 3315 331 3397 τινὸς
352 3319 681 3406 θαυμασθησόμενον
704 3315 779 3385 οῦτε
796 3314 875 3406 ἡμῖν
897 3314 1154 3404 αῦτοῖςόμοέως

115 3422 242 3504 τίμιον·
260 3417 338 3489 οῦδὲ
354 3418 417 3510 γὰρ
436 3416 476 3488 όῖν
494 3421 622 3507 εἴχομεν
635 3418 722 3509 πρὸς
740 3415 806 3487 ότι
821 3419 954 3487 έλαττον
969 3424 1155 3507 παραθεω-

115 3534 230 3608 ροῖμεν
247 3519 360 3606 αὐτὸν,
389 3520 462 3591 οῦδ
478 3520 518 3591 ἂν
536 3529 684 3608 συνίεμεν
702 3519 797 3612 ἡλίκα
820 3518 1076 3606 εὐδαιμονοῦμεν
1094 3516 1153 3602 οὐχ

117 3617 258 3710 δρῶντες
275 3624 436 3717 άμοέρους
452 3632 519 3694 τῶν
537 3622 702 3715 ἡμετέρων
718 3623 825 3703 τινάς·
853 3618 940 3691 οῦτω
957 3620 1020 3712 γὰρ
1040 3619 1079 3710 δὴ
1096 3624 1153 3689 καὶ

116 3721 155 3792 ιδ
180 3734 266 3817 μέγα
293 3728 417 3811 δόξειεν
443 3722 484 3795 όν
508 3733 607 3815 μέγα,
635 3727 666 3796 εἰ
691 3732 738 3815 τῷ
764 3731 871 3816 μικρῷ
893 3736 1151 3815 παραμετροῖτο.

119 3819 211 3911 ῦμεῖς
233 3832 283 3914 δὲ,
318 3835 416 3917 τιμάν
439 3829 497 3899 ἐπὶ
517 3837 566 3919 τῷ
582 3829 803 3915 πολιτεύματι
823 3829 932 3917 τούτῳ
946 3821 1043 3910 δέον,
1079 3821 1154 3894 ἆνε-

116 3934 328 4021 ὀταυράκατέ
343 3959 386 4021 με
403 3935 459 4002 καὶ
471 3933 591 4023 ταύτην
607 3957 668 4019 μοι
680 3930 738 4021 τὴν
752 3926 898 4021 ἀμοιβὴν
916 3927 1152 3999 ἀποδεδώκατε

120 4036 178 4100 ’τοῦ
192 4037 427 4124 βουλεύματος.
464 4033 548 4115 ἄλλά
565 4040 744 4125 κακοῦργοί
757 4059 856 4118 τινες,
877 4030 955 4126 φῂς,
986 4032 1019 4104 ἐν
1039 4030 1152 4112 αῦτοῖς
1171 4051 1204 4103 16
