2728 4636
440 249 494 304 III.
512 248 714 304 ΝΙΓΡΙΝΟΣ
732 249 852 304 34-38.
1118 241 1167 311 ἵῦ,

119 355 293 424 δεύσαντα
314 364 482 440 κεχηνυῖαν
503 353 603 438 μόνον
623 359 671 441 τῷ
692 353 856 442 τραύματι
875 352 933 442 τὴν
951 353 1059 444 ψυχὴν
1076 353 1161 425 ἀπέ-

121 460 254 527 λειπεν.
290 454 385 524 ἀλλον
412 456 449 531 δέ
472 455 574 523 πάλιν
599 455 731 535 τούτοις
756 451 973 536 ὑπεναντίως·
1004 456 1071 527 ἀπὸ
1097 457 1159 546 γὰρ

123 557 310 638 ἀσθενείας
326 583 363 626 τε
379 561 436 626 καὶ
453 555 586 636 ἀτονίας
603 555 680 625 ούδδ
698 556 882 646 ἐφικνεῖται
895 557 937 625 τὰ
954 564 1033 647 βέλη
1047 558 1163 640 αότοῖς

123 661 208 748 ἀχρι
225 659 311 747 πρὸς
322 659 382 730 τὸν
393 658 527 741 σκοπόν,
545 657 616 727 ἀλλ’
627 659 807 728 ἐκλυθέντα
818 666 1023 743 καταπίπτει
1034 663 1161 729 πολλά-

121 790 180 845 κις
198 764 235 831 ἐκ
250 768 352 850 μέσης
368 770 426 851 τῆς
448 760 543 831 δδού·
569 759 608 851 ἢν
631 764 668 830 δέ
688 787 771 835 ποτε
792 767 848 830 καὶ
870 762 1035 853 ἐφίκηται,
1062 761 1160 852 ἀκρον

122 869 189 953 μὲν
203 865 372 954 ἐπιλίγδην
386 861 541 946 άπτεται,
558 871 703 950 βαθεῖαν
716 867 752 934 δὲ
766 863 825 934 οόκ
838 865 1006 953 ἐργάζεται
1017 867 1158 955 πληγήν·

23 992 24 997 ’
125 965 169 1037 οὗ
187 967 251 1057 γὰρ
269 964 326 1036 ἀπ’
347 968 481 1056 ἰσχυράς
499 966 628 1056 ἐντολῆς
645 965 874 1038 ἀπεστέλλετο.
916 965 1006 1047 ὅστις
1025 969 1060 1035 δέ
1079 966 1160 1055 ἀγα·
1178 990 1210 1039 οι

123 1069 197 1151 θδς
222 1071 363 1158 τοξότης,
383 1072 439 1137 καὶ
463 1069 591 1157 Τεύκρῳ
615 1065 743 1154 όμοιος,
770 1078 904 1159 πρῶτον
929 1072 988 1155 μὲν
1015 1067 1159 1158 ἀκριβῶς

22 1180 23 1207 ¹
125 1170 256 1261 ὄψεται
272 1170 329 1239 τόν
347 1170 481 1253 σκοπὸν,
504 1172 535 1239 εί
551 1171 596 1263 μὴ
615 1173 749 1262 σφόδρα
764 1172 923 1259 μαλακός,
948 1173 978 1240 εί
998 1172 1043 1261 μὴ
1066 1198 1159 1261 στερ-

125 1276 266 1366 ρότερος
277 1280 337 1341 τού
347 1276 480 1360 βέλους·
497 1278 660 1362 γίγνονται
672 1273 735 1364 γὰρ
750 1274 788 1363 δὴ
802 1279 857 1343 καί
871 1271 1013 1364 ἀτρωτοι
1027 1280 1159 1345 σκοποί.

127 1376 267 1447 ἐπειδὰν
283 1377 323 1444 δέ
337 1382 441 1443 ταῦτα
454 1377 524 1465 ἰ’δη,
542 1384 717 1465 τηνικαῦτα
727 1383 844 1467 χρίσας
856 1376 893 1445 τὸ
908 1382 1004 1463 βέλος
1018 1374 1093 1448 ούτε
1107 1379 1158 1466 ίῳ,
1187 1434 1191 1441 .

126 1480 288 1568 καθάπερ
301 1477 343 1546 τόν
351 1484 492 1546 Σκυθῶν
502 1486 639 1569 χρίεται,
660 1477 734 1547 οότε
749 1477 833 1568 όπῳ,
851 1482 1009 1568 καθάπερ
1022 1479 1064 1549 τὰ
1073 1490 1161 1549 Κου-

127 1583 246 1673 ρήτων,
267 1578 335 1649 ἀλλ’
350 1577 455 1670 ἠρέμα
473 1583 611 1670 δηκτικῷ
628 1606 665 1649 τε
682 1585 737 1649 καί
753 1585 864 1669 γλυκεῖ
880 1585 1042 1674 φαρμάκῳ
1060 1589 1158 1652 τούτο

20 1714 21 1741 ι
124 1690 246 1775 χρίσας
263 1680 403 1766 ἀτεχνῶς
422 1682 585 1766 ἐτόξευσε·
602 1682 640 1751 τδ
660 1685 696 1752 δέ
714 1684 845 1769 ἐνεχθὲν
861 1677 897 1753 εὖ
914 1687 1005 1771 μάλα
1023 1685 1160 1766 ἐντόνως
1280 1769 1282 1773 ,

126 1792 185 1856 καλ
207 1787 374 1873 διακόψαν
396 1783 472 1876 ἀχρι
492 1794 552 1854 τοῦ
575 1788 721 1856 διελθεῖν
742 1794 833 1873 μένει
853 1816 889 1857 τε
911 1792 966 1857 καὶ
987 1789 1072 1857 πολδ
1099 1795 1158 1857 τού

130 1890 309 1981 φαρμάκου
327 1886 473 1978 ἀφίησιν,
496 1888 515 1955 ό
535 1887 574 1977 δὴ
593 1890 803 1975 σκιδνάμενον
821 1888 898 1980 όλην
920 1892 952 1959 ἐν
973 1893 1079 1978 κύκλῳ
1101 1890 1182 1978 την

129 1992 238 2082 ψυχὴν
255 1996 473 2077 περιέρχεται.
498 1992 596 2060 τοῦτό
614 2017 668 2060 τοι
683 1996 740 2060 καί
756 1990 890 2083 ἥδονται
906 1998 962 2061 καὶ
981 1995 1160 2081 δακρύουσι

128 2093 252 2185 μεταξύ
275 2092 459 2176 ἀκούοντες,
488 2090 571 2182 όπερ
593 2097 649 2162 καί
671 2092 771 2176 αὐτὸς
792 2094 944 2180 ἐπασχον,
966 2094 1068 2185 ἡσυχῆ
1093 2092 1158 2180 ἀρα

128 2206 189 2268 τοῦ
206 2197 383 2288 φαρμάκου
400 2195 458 2285 τὴν
474 2196 582 2286 φυγὴν
598 2203 825 2287 πιριθέοντος.
862 2198 958 2289 ἐπῄει
979 2196 1010 2267 δ’
1026 2189 1082 2266 ούν
1099 2222 1161 2284 μοι

132 2298 333 2387 πρὸςάδτδν
346 2297 387 2385 τὸ
406 2298 488 2380 ἐντος
505 2299 607 2369 ἐκεῖνο
625 2304 743 2390 λέγειν·

186 2467 189 2472 .
236 2400 324 2489 βάλλ’
341 2397 458 2485 οότας,
477 2404 517 2471 αἵ
530 2408 583 2472 κάν
599 2430 633 2473 τι
650 2405 747 2492 φόως
760 2401 916 2491 άνδρεσσι
932 2409 1056 2491 γένηαι.

133 2500 249 2595 ὥσπερ
267 2504 331 2595 γάρ
352 2505 386 2577 ολ
405 2511 465 2572 τού
490 2511 630 2593 Φρυγίου
652 2504 753 2574 αύλού
776 2503 947 2585 ἀκούοντες
973 2503 1012 2574 ού
1037 2506 1159 2585 πάντες
1229 2502 1232 2507 ⁴

129 2614 315 2696 μαίνονται,
335 2604 404 2676 ἀλλ’
420 2604 544 2679 όπόσοι
557 2604 664 2675 αύτιύν
676 2615 716 2697 τῇ
731 2605 799 2697 Ῥέη
809 2609 1048 2694 λαμβάνονται,
1066 2599 1159 2675 οὗτοι

130 2712 167 2780 δέ
183 2709 271 2798 πρὸς
287 2709 326 2779 τὸ
344 2714 443 2796 μέλος
459 2707 762 2799 ύπομιμνήσκονται
774 2716 833 2777 τοῦ
844 2711 996 2801 πάθους,
1016 2704 1103 2777 οότω
1117 2706 1158 2798 δη
1271 2744 1274 2749 ’

128 2806 185 2881 καλ
193 2813 391 2902 φιλοσόφων
400 2810 572 2892 ἀκούοντες
579 2810 755 2894 οόπάντες
765 2813 876 2882 ἐνθκοι
889 2815 945 2879 καὶ
957 2816 1158 2898 τραυματίαι

130 2912 280 2997 ἀπίασιν,
295 2912 363 2983 ἀλλ’
372 2914 422 2997 οῖς
434 2913 521 3005 δπην
532 2940 568 2983 τι
579 2915 612 2983 έν
625 2916 777 3006 τῇφύσει
783 2919 987 3006 φιλοσοφίας
997 2918 1158 3003 ουγγινίς.

129 3057 132 3063 ·
180 3024 279 3080 ETAL
302 3013 350 3098 Ὦς
368 3015 470 3105 σεμνὰ
486 3021 543 3085 καὶ
559 3019 738 3103 θαυμάσια
754 3023 809 3087 καί
826 3018 908 3086 θεῖά
925 3043 975 3105 γε,
995 3008 1157 3103 ὦέταῖρε,
1175 3039 1209 3088 38

130 3119 344 3208 διελήλυθας,
363 3118 534 3208 ἐλελήθεις
548 3125 586 3187 τό
601 3145 643 3205 με
659 3124 785 3210 πολλῆς
803 3118 849 3201 αἱς
866 3119 1005 3207 άληθῶς
1019 3127 1076 3208 τῆς
1094 3116 1159 3204 ἀμ·

129 3227 269 3310 βροσίας
280 3223 409 3295 καὶτοῦ
421 3225 528 3289 λωτοῦ
540 3227 783 3312 κεκορεσμένος·
798 3219 884 3291 ὥστε
895 3226 951 3290 καί
963 3221 1084 3307 μεταξὺ
1095 3227 1157 3290 σού

25 3339 29 3350 ’
130 3327 281 3411 λέγοντος
293 3323 438 3407 ἔπασχόν
449 3350 484 3393 τι
496 3322 582 3413 ἕκτῇ
591 3330 692 3412 ψυχῇ,
710 3326 767 3391 καὶ
779 3331 992 3410 παυσαμένου
1007 3322 1161 3408 ἀχθομαι

129 3426 253 3493 καλῗνα
266 3424 305 3515 δὴ
318 3425 468 3495 καὶκατὰ
482 3427 520 3495 σδ
532 3426 629 3508 ε’ίπω,
647 3432 828 3513 τέτρωμαι·
845 3426 953 3513 καὶμὴ
962 3423 1157 3514 θαυμάσῃς·
1288 3512 1296 3519 ι

131 3524 239 3596 ολσθα
254 3525 316 3617 γὰρ
331 3524 385 3595 ότι
395 3531 453 3595 καλ
465 3528 499 3596 ολ
510 3526 598 3616 πρδς
608 3535 674 3596 τάν
686 3534 789 3597 κυνῶν
799 3535 866 3597 τῶν
880 3530 1068 3597 λυττώντων
1082 3529 1161 3613 δηχ.

122 3634 248 3710 ,θέντες
260 3628 319 3698 οόκ
331 3627 427 3698 αότολ
442 3630 542 3714 μόνοι
555 3633 724 3712 λυττῶσιν,
745 3628 831 3699 ἀλλὰ
845 3627 904 3699 κάν
920 3655 1012 3711 τινας
1028 3628 1159 3719 ἑτέρους

132 3730 217 3822 ἐντῇ
229 3738 331 3823 μανίᾳ
343 3731 383 3800 τὸ
392 3728 477 3799 αύτδ
490 3737 589 3799 τούτο
600 3733 759 3815 διυθύσι,
772 3736 829 3809 καί,
838 3724 931 3801 οὗτοι
941 3733 1095 3822 ἔκφρονες
1105 3737 1158 3820 γί-

131 3855 275 3924 γνονται·
289 3838 546 3921 συμμεταβαίνει
553 3832 615 3924 γάρ
624 3861 658 3902 τι
666 3841 726 3902 τού
734 3837 872 3916 πάθους
881 3830 1008 3923 δίματηῖ
1016 3834 1160 3924 δήγματι

131 3938 187 4007 καλ
207 3941 437 4027 πολυγονεῖται
456 3933 477 4026 ἡ
496 3934 593 4016 νόσος
608 3939 665 4005 καὶ
680 3936 788 4027 πολλὴ
803 3942 946 4027 γίγνεται
963 3943 1022 4030 τῆς
1036 3941 1160 4026 μανίας

131 4041 278 4130 διαδοχή.
