2712 4628
377 201 445 256 XX.
470 201 732 259 ΕΡΜΟΤΙΜΟΣ
754 203 874 259 28-30.
1072 188 1141 256 295

107 317 213 402 θήναι
226 304 339 377 ὀπίσω
352 305 477 397 ῥᾴδιον,
495 302 535 395 ἢν
548 302 642 388 ἅπαξ
654 304 812 395 ἓπιδῷτή
826 305 969 396 πνεούσῃ
978 332 1031 388 τις
1040 303 1140 376 αύτὸν

107 412 149 483 τὰ
167 409 312 498 ἀπόγεια
328 408 523 494 λυσάμενος,
552 404 621 476 ἀλλ’
637 403 758 495 ἀνάγκη
781 405 815 474 ἐν
836 414 884 496 τῷ
906 409 1043 496 πελάγει
1066 410 1140 477 δια-

108 519 276 606 φέρεσθαι
292 517 475 580 ναυτιῶντα
492 507 539 591 ὥς
555 506 593 579 τὸ
612 508 698 579 πολὺ
711 513 767 577 καὶ
781 509 915 581 δεδιότα
927 514 983 577 καὶ
994 518 1139 599 καρηβα-

107 622 228 706 ροῦντα
245 611 314 683 ύπδ
330 620 391 682 τού
410 613 527 696 σάλου,
556 614 630 680 δέον
653 611 689 694 ἐξ
705 609 820 702 ἀρχῆς,
834 614 926 698 7πρὶν
949 611 1135 697 ἐκπλεῦσαι,
1260 618 1261 622 ’

108 714 356 803 ἀναβόνταέπλ
374 715 500 805 σκοπήν
521 739 595 783 τινα
616 720 812 801 σκέψασθαι
830 715 861 784 εἰ
883 713 1045 804 ἐπίφορόν
1068 715 1139 784 ἐστι

106 821 163 891 καί
181 814 292 909 οάριον
313 815 354 887 τὸ
375 823 506 903 πνεύμα
526 829 599 897 τοῖς
614 817 820 905 Κόρινθόνδε
838 817 1039 885 διαπλεῦσαι
1061 816 1139 887 3³6-

106 925 213 1003 λουσι,
232 922 289 989 καὶ
305 919 342 1010 νή
356 926 423 991 Δία
439 919 633 1008 κυβερνήτην
651 918 707 986 ἐνα
719 917 776 988 τὸν
789 915 924 1009 ἀριστον
940 917 1139 1002 ἐκλέξασθαι

105 1028 163 1092 καί
184 1029 261 1092 ναῦν
283 1019 420 1112 εύπαγή,
444 1022 518 1090 οἵαν
541 1021 713 1111 διαρκέσαι
737 1019 825 1110 πρὸς
845 1023 1035 1110 τηλικοῦτον
1061 1023 1140 1092 κλό-

106 1127 207 1194 δαννα.

158 1243 243 1299 Em
279 1221 372 1296 δύτω
387 1251 425 1316 γε
443 1223 585 1313 άμεινον,
605 1217 633 1294 τό
650 1236 784 1309 Λυκῖνε,
808 1216 902 1316 παρὰ
919 1227 1017 1296 πολύ.
1054 1225 1139 1316 πλήν
1157 1249 1190 1298 εν

105 1325 183 1401 σίδά
200 1353 237 1418 γε
255 1324 310 1400 ότι
326 1325 477 1411 ἅπαντας
494 1328 527 1397 ἐν
544 1329 650 1417 κύκλῳ
669 1327 859 1416 περιελθὼν
882 1325 940 1398 οάκ
958 1328 1078 1423 ἀλλους
1097 1328 1137 1398 ἀν

105 1426 217 1519 εόροις
234 1427 310 1500 οότε
327 1429 486 1519 ἡγεμόνας
504 1429 657 1516 ἀμείνους
675 1428 751 1500 ούτε
767 1432 965 1521 κυβερνήτας
982 1431 1139 1520 ἐμπειρο-

104 1538 222 1621 τέρους
238 1539 304 1601 τῶν
316 1539 480 1615 Στωϊκῶν,
498 1532 554 1603 κάλ
570 1531 610 1621 ἢν
628 1533 790 1624 ἐθελήσῃς
802 1559 839 1621 γε
856 1531 1043 1625 ἀφικέσθαι
1055 1536 1139 1604 ποτέ

107 1633 142 1715 ἐς
163 1633 221 1722 τήν
238 1636 419 1722 Κόρινθον,
447 1633 582 1715 ἐκείνοις
605 1634 670 1723 ἐφη
693 1634 777 1702 κατὰ
799 1634 841 1703 τὰ
855 1643 1062 1727 Χρυσίππου
1083 1640 1140 1705 καλ

106 1736 258 1827 hirmos
274 1737 344 1824 ίχνη
361 1736 504 1823 προῖιόν·
523 1732 630 1817 άλλως
648 1737 684 1804 δέ
702 1734 873 1806 ἀδύνατον.

158 1855 242 1911 ΛΥΚ,
278 1836 368 1928 Ὁρᾷς
388 1845 488 1906 τοῦτο
511 1835 557 1919 ὥς
577 1837 699 1922 κοινὸν,
728 1830 755 1906 ὦ
774 1836 961 1928 Ἑρμότιμε,
991 1843 1138 1927 ε’ίρηκαςς

109 1942 203 2011 ε’ίποι
219 1939 281 2031 γὰρ
300 1938 340 2008 ἀν
358 1937 438 2009 αύτὸ
456 1944 512 2009 καὶ
534 1939 552 2009 ό
574 1948 623 2030 τῷ
640 1941 795 2010 Πλάτωνι
813 1943 1061 2031 συνοδοιποριῦν
1083 1946 1140 2011 καὶ
1253 1966 1257 1975 ’

107 2041 325 2134 όἙπικούρῳ
344 2042 504 2128 ἑπόμενος
520 2048 576 2112 καὶ
594 2047 628 2112 οἱ
644 2039 754 2126 ἀλλοι,
781 2041 826 2132 μή
850 2040 889 2112 ἀν
912 2042 1024 2111 ἐλθεῖν
1045 2070 1087 2128 με
1106 2043 1140 2123 ἐς

105 2141 165 2235 τήν
181 2146 349 2234 Κόρινθον
371 2146 401 2214 εί
421 2146 467 2233 μή
488 2142 566 2231 μεθ’
582 2145 701 2214 ἑαυτοῦ
724 2146 869 2226 ἕκαστος.
906 2142 992 2215 ὥστε
1013 2142 1140 2234 ήπᾶοι

106 2248 276 2317 πιστεύειν
299 2246 375 2337 χρή,
403 2243 486 2336 ὅπερ
512 2249 736 2337 γελοιότατον,
767 2245 790 2336 ή
816 2245 970 2318 ἀπιστεῖν
998 2246 1138 2335 ὁμοίως·

105 2356 221 2438 μακρῷ
239 2349 301 2438 γὰρ
320 2347 570 2440 ἀσφαλέστατον
587 2351 626 2419 τό
648 2358 809 2434 τοιοῦτον,
834 2347 911 2441 ἀχρι
932 2348 973 2420 ἀν
994 2349 1141 2442 εύρωμεν

105 2449 249 2541 τάληθῆ.
281 2451 356 2520 ἐπεὶ
369 2457 459 2543 φέρε,
479 2454 512 2522 εί
522 2455 743 2542 καθάπιρνύν
753 2452 826 2539 έχω,
846 2452 971 2542 ἀγνοῶν
985 2453 1033 2523 ’ότι
1047 2451 1139 2535 ὅστις
1156 2475 1191 2527 ευ

107 2552 145 2636 ἐξ
161 2553 316 2624 ἁπάντων
339 2553 426 2623 ἐστὶν
447 2553 465 2624 ό
489 2553 677 2643 ἀληθεύων,
706 2556 838 2646 ἑλοίμην
858 2555 901 2625 τὰ
921 2554 1062 2644 όμέτερα
1085 2558 1140 2624 σοὶ

105 2657 303 2739 πιστεύσας,
332 2653 427 2747 άνδρλ
444 2661 546 2747 φίλῳ,
575 2656 659 2745 ἀτὰρ
675 2659 763 2744 μόνα
783 2657 880 2747 γετὰ
901 2665 967 2727 τῶν
983 2664 1140 2729 Στωϊκῶν

105 2757 212 2828 εἰδότι
228 2763 284 2827 καὶ
300 2766 380 2845 μίαν
398 2757 476 2829 ὁδὸν
490 2757 752 2849 ὁδοιπορήσαντι
762 2761 893 2849 ταύτην,
913 2760 1029 2829 ἔπειτα
1046 2767 1139 2829 θεῶν

103 2888 158 2942 τις
184 2858 367 2948 ἀναβιῶναι
397 2862 550 2952 ποιήσειε
575 2865 738 2933 Πλάτωνα
768 2868 825 2935 καλ
849 2863 1053 2952 Πυθαγόραν
1082 2863 1139 2931 καὶ
1184 2890 1188 2895 ’

101 2960 324 3053 Ἀριστοτέλην
340 2969 397 3034 καί
413 2964 491 3045 τοὺς
509 2961 637 3048 ἀλλους,
657 2966 691 3034 οί
709 2968 747 3035 δέ
761 2968 975 3058 περιστάντες
991 2965 1138 3053 ἐρωτῷέν

104 3089 148 3150 με
165 3063 191 3151 ἢν
202 3068 259 3132 καλ
274 3066 312 3155 νὴ
329 3066 384 3137 Δί’
399 3068 432 3149 ἐς
449 3069 657 3159 δικαστήριον
675 3066 852 3158 ἀγαγόντες
863 3065 989 3160 ὕβρεως
1001 3068 1151 3148 ἕκαστος

105 3166 292 3247 δικάζοιντο
309 3170 465 3256 λέγοντες,
486 3163 513 3237 ὦ
530 3176 681 3255 βέλτιστε
692 3184 823 3255 Λυκῖνε,
842 3178 877 3240 τί
892 3169 1019 3241 παθὼν
1035 3167 1056 3259 ἢ
1073 3176 1138 3238 τίνι

105 3268 191 3339 ποτὲ
199 3269 382 3350 πιστεύσας
389 3272 589 3358 Χρύσιππον
598 3274 793 3361 καὶΖήνιονα
800 3280 1025 3362 προετίμησας
1034 3270 1135 3361 ήμῶν,

105 3375 337 3459 πρεσβυτέρων
356 3367 457 3441 όντων
473 3372 568 3461 παρὰ
584 3373 682 3456 πολύ,
699 3376 785 3458 χθὲς
799 3377 855 3442 καὶ
871 3376 987 3463 πρηίην
1003 3381 1137 3464 γενομέ-

104 3498 191 3555 νους,
210 3473 292 3562 μήτε
310 3472 408 3561 λόγου
426 3474 589 3560 μεταδοὺς
604 3472 683 3564 ήμῖν
699 3477 782 3565 μήτε
799 3480 977 3566 πειραθεὶς
991 3472 1077 3555 όλως
1090 3466 1136 3545 ὦν

105 3580 231 3665 φαμένς
258 3574 289 3643 ελ
305 3582 410 3644 ταῦτα
426 3579 564 3666 λέγοιεν,
591 3585 627 3648 τί
643 3575 683 3647 ἀν
702 3574 941 3666 ἀποκριναίμην
960 3576 1088 3659 αύτοῑςς
1113 3576 1135 3666 ἢ

106 3676 272 3767 ἐξαρκέσει
293 3703 366 3764 μοι,
392 3675 433 3770 ήν
459 3680 545 3749 ε’ίπω
574 3677 628 3750 ότι
646 3678 830 3772 Ἑρμοτίμῳ
857 3680 1146 3772 ἐπείσδηνηίλην

13 3866 15 3869 ¹
104 3775 217 3870 ἀνδρίς
243 3778 329 3849 ἀλλὰ
350 3794 449 3872 φαῖεν
471 3779 525 3866 ἀν,
553 3780 620 3852 οἶδ’
636 3778 704 3866 δτι,
730 3780 841 3872 ἡμεῖς,
868 3774 896 3851 ὦ
917 3795 1050 3867 Λυκῖνε,
1077 3781 1138 3852 ούκ

104 3882 200 3966 ἴσμεν
213 3883 269 3953 τὸν
275 3881 467 3977 Ἑρμότιμον
479 3892 595 3959 τοῦτον
604 3880 698 3966 ὅστις
709 3891 795 3955 ποτέ
807 3886 911 3970 ἐστιν,
926 3884 1002 3955 οὐδὲ
1014 3884 1146 3969 ἐκεῖνος,

104 3980 205 4074 ήμάς·
221 3980 305 4056 δίστε
315 3986 372 4058 οάκ
381 3987 473 4080 ἐχρῆν
483 3985 638 4060 ἁπάντων
647 3990 917 4097 καταγιγνώσκειν
927 3987 1005 4060 ούδλ
1014 3988 1133 4079 ἐρήμην
