2740 4648
254 205 320 273 320
639 215 896 273 ΛΟΥΚΙΑΝΟΥ

254 321 429 408 δυνάμενα.
468 323 525 390 καὶ
547 315 638 408 ὅμως
658 317 678 389 ὃ
700 318 807 401 πολὺς
827 319 1147 404 λεώςπιστεόοασιν
1169 317 1290 407 αότοῖς

253 427 309 493 καὶ
329 426 503 514 κηλοῦνται
524 420 664 513 δρῶντες
684 421 707 513 ἢ
730 421 903 504 άκοόοντες
923 420 967 492 τδι
992 430 1132 493 τοιαῦτα
1159 422 1216 493 διὰ
1242 422 1286 493 τὸ

160 569 163 576 ·
203 551 236 601 τε
254 529 329 611 ξένα
353 529 410 595 καλ
435 523 598 594 ἀλλόκοτα
623 522 718 595 εῖναι.
757 529 814 594 καί
840 524 880 595 σὺ
909 523 949 614 δή
973 532 1168 611 μυθοποιοῦ
1194 551 1289 608 τινος

253 629 399 711 άκοόσας
415 624 461 710 ὥς
479 627 549 702 ἐστι
565 654 617 710 τις
633 625 711 718 γυνή
728 624 901 718 ὗπερφνής
917 626 956 699 τὸ
974 629 1101 711 κάλλος,
1121 625 1206 720 ὑπὲρ
1223 628 1288 713 τὰς

251 731 402 824 Χάριτας
420 727 523 812 αότδις
540 728 561 819 ἢ
578 728 637 820 τήν
655 727 823 820 Οὐρανίαν,
848 730 879 798 εἰ
895 732 951 799 καὶ
966 728 1011 820 μή
1030 729 1192 820 πρότερον
1209 730 1288 822 ἐξή-

251 859 356 917 τασας
374 834 405 902 ελ
421 830 533 922 άληθή
547 835 702 921 λέγεικαὶ
716 833 746 901 εί
760 833 830 902 ἐστι
843 857 909 902 ποο
924 828 983 921 τῆς
994 829 1086 922 γήςή
1101 828 1286 923 ἅνθρωπος

252 931 345 1027 αὕτη,
364 931 445 1028 ήρας
463 932 576 1018 εόθδς,
596 930 710 1025 ὥσπερ
728 939 815 1024 φασὶ
830 932 889 1024 τήν
906 935 1052 1024 Μήδειαν
1065 933 1102 1019 ἐξ
1115 932 1285 1030 ὀνείρατος

252 1038 437 1130 ἐρασθῆναι
457 1045 517 1108 τοῦ
536 1035 689 1119 Ἰάσονος.
726 1038 744 1106 ὃ
768 1039 805 1106 δέ
827 1035 866 1126 δή
889 1038 1036 1122 μάλιστά
1058 1061 1096 1107 σε
1117 1037 1205 1129 πρὸς
1224 1038 1283 1110 τὸν

252 1122 358 1229 ἐρωόα
377 1139 560 1230 ἐπηγάγετο
578 1137 728 1220 καὶτοὺς
745 1136 864 1220 άλλοας
881 1140 931 1221 δέ,
955 1136 1080 1208 ὁπόσοι
1100 1146 1159 1209 τοῦ
1179 1137 1284 1211 αὐτοῦ

252 1267 308 1312 σοι
325 1243 464 1312 εἰδώλου
483 1243 598 1333 ἐρῶσι,
621 1249 720 1312 τοῦτο
739 1232 786 1331 ἦν,
810 1237 857 1321 ὥς
876 1246 914 1341 γέ
934 1265 994 1326 μοι
1017 1241 1178 1325 εἰκάζοντι
1201 1250 1283 1333 φαί-

250 1370 352 1428 νεται,
369 1344 409 1414 τὸ
426 1344 484 1414 τὸν
501 1349 635 1433 λέγοντα
653 1344 773 1413 ἐκεῖνον
791 1345 869 1429 περί
887 1350 944 1432 τής
960 1342 1120 1431 γυναικὸς,
1141 1343 1283 1439 ἐπείπερ

252 1446 437 1535 ἐπιστεύθη
455 1446 494 1516 τὸ
512 1453 646 1536 πρῶτον
663 1442 717 1516 ὅτι
739 1442 851 1536 άληθή
873 1448 973 1534 λέγει,
1002 1443 1174 1514 άκόλοοθα
1197 1447 1284 1516 ἐπά-

250 1570 334 1637 γειν·
362 1549 395 1631 ἐς
416 1555 515 1618 τοῦτο
537 1547 600 1637 γὰρ
623 1547 746 1638 ἑωρᾶτε
768 1549 883 1634 μόνον,
910 1551 966 1615 καὶ
984 1545 1040 1616 διδ
1062 1554 1159 1617 τοῦτο
1179 1547 1283 1619 εἷλκεν

250 1647 337 1737 ὖμᾶς
353 1659 412 1740 τής
428 1650 527 1742 ῥινὸς,
547 1651 686 1741 ἐπείπερ
705 1647 800 1733 άπαξ
814 1648 872 1739 τὴν
889 1651 1024 1738 πρώτην
1042 1649 1144 1736 λαβήν
1163 1650 1283 1720 ἐνεδώ-

249 1779 328 1822 κατε
346 1751 445 1843 αότῷ,
464 1754 521 1821 καὶ
537 1742 611 1842 ήγεν
625 1752 682 1822 ἐπὶ
695 1752 752 1841 τήν
765 1750 983 1842 ἀγαπωμένην
1000 1748 1041 1820 δι’
1052 1742 1091 1840 ής
1108 1752 1216 1841 ἔλεγεν
1230 1753 1283 1822 εὖ·

249 1860 350 1937 θείας
368 1853 463 1925 ὁδοῦ·
480 1856 582 1946 ῥᾴδια
598 1853 670 1946 γὰρ,
691 1852 799 1941 οἶμαι,
818 1852 861 1922 τ’δι
877 1853 961 1940 μετὰ
977 1861 1082 1923 ταῦτα
1098 1858 1154 1922 καὶ
1174 1852 1282 1942 οόδελς

250 1955 343 2044 όμῶν
375 1958 424 2028 ἐτι
454 1956 734 2049 ἐπιστρεφόμενος
764 1955 798 2038 ἐς
827 1954 885 2045 τήν
916 1955 1045 2025 ε’ίσοδον
1073 1954 1225 2046 ἐξήταζεν
1252 1958 1282 2028 εί

250 2057 381 2149 άληθής
399 2059 543 2130 ἐστικαὶ
561 2059 591 2128 ελ
606 2058 652 2149 μή
672 2059 774 2128 ἔλαθε
786 2056 864 2127 καθ’
875 2059 913 2148 ήν
927 2056 985 2128 οόκ
999 2057 1091 2148 ἐχρῆν
1105 2059 1280 2143 εἰσελθὼν,

251 2159 320 2232 ἄλλ’
330 2159 509 2251 ἠκολούθει
525 2174 597 2243 τοῖς
613 2167 679 2230 τῶν
700 2162 959 2252 προωδευκότων
980 2161 1096 2244 ἰ’χνεσι,
1119 2162 1280 2253 καθάπερ

249 2263 292 2335 τδι
310 2266 464 2355 πρόβατα
481 2265 568 2355 πρὸς
583 2264 641 2334 τὸν
658 2261 845 2353 ήγοόμενον,
870 2266 943 2334 δέον
961 2263 1018 2333 ἐπὶ
1035 2269 1075 2354 τῇ
1089 2263 1212 2354 εἰσόδῳ
1225 2269 1279 2335 καὶ

201 2392 234 2440 τι
249 2366 333 2437 κατὰ
349 2367 407 2457 τήν
425 2366 524 2458 ἀρχὴν
538 2366 642 2450 εὐθὺς
656 2373 851 2455 σκέψασθαι
874 2368 968 2456 είπερ
982 2366 1172 2454 εἰσιτητέον.
1210 2367 1229 2436 ὃ
1244 2370 1280 2438 δέ

250 2496 346 2562 φημι,
366 2477 568 2561 σαφέστερον
579 2468 618 2540 ἂν
626 2471 764 2556 μάθοις,
782 2466 820 2558 ήν
833 2497 866 2540 τι
878 2476 1028 2538 τοιοῦτον
1038 2464 1154 2552 ὅμοιον
1166 2493 1278 2559 παρα·
1348 2516 1349 2531 ,

248 2573 426 2665 θεωρήσης
447 2570 552 2662 αὐτῷ·
579 2576 728 2661 λέγοντος
744 2573 807 2661 γάρ
829 2597 917 2653 τινος
937 2577 1004 2640 τῶν
1024 2572 1278 2658 μεγαλοτόλμων

247 2676 373 2746 τούτων
389 2683 547 2766 ποιητῶν,
567 2673 613 2756 ὦς
629 2675 755 2774 γένοιτό
773 2699 856 2743 ποτε
873 2674 1069 2764 τρικέφαλος
1081 2674 1136 2740 καί
1150 2672 1277 2762 ἑξάχειρ
1347 2740 1348 2761 η

249 2777 446 2867 άνθρωπος,
475 2775 515 2868 ἢν
540 2778 579 2848 τὸ
603 2784 737 2867 πρῶτον
758 2784 864 2845 ταῦτα
887 2774 1109 2864 ἀπραγμόνως
1130 2771 1277 2866 άποδέξη

248 2878 293 2968 μή
312 2879 469 2962 ἐξετάσας
486 2881 516 2950 εί
534 2878 678 2962 δυνατὸν,
699 2877 783 2947 άλλά
800 2880 995 2960 πιστεύσας,
1019 2875 1124 2958 εὐθὺς
1140 2874 1277 2946 άκολοό·
1346 2876 1347 2911 Ᾰ

247 2990 323 3063 θως
341 2980 381 3052 ἂν
398 2973 519 3072 ἐπάγοι
536 2981 651 3052 καὶτὰ
668 2981 782 3064 λοιπά,
803 2979 849 3063 ὥς
862 2985 918 3050 καὶ
931 2977 1131 3073 ὀφθαλμοὺς
1144 2979 1163 3051 ὁ
1177 2979 1275 3062 αὐτὸς
1345 3010 1346 3015 ’

248 3082 331 3168 εἶχεν
348 3087 386 3169 ἐξ
400 3089 456 3154 καὶ
473 3077 543 3153 ὦτα
556 3088 593 3168 ἓξ
611 3088 668 3153 καλ
681 3082 795 3175 φωνάς
806 3098 895 3174 τρεῖς
909 3081 978 3172 άμα
994 3081 1089 3175 ἠφίει
1105 3088 1163 3153 καλ
1175 3081 1274 3175 ἤσθιε
1345 3124 1346 3129 1

229 3185 306 3301 ’όιδι
320 3195 421 3275 τριῶν
440 3189 611 3274 στομάτων
628 3191 684 3257 καλ
702 3188 881 3269 δακτόλοος
900 3190 1075 3280 τριάκοντα
1097 3187 1192 3274 εἶχεν,
1215 3183 1273 3271 οόχ

248 3285 362 3382 ὥσπερ
381 3291 517 3372 ἕκαστος
533 3288 624 3381 ήμιόν
642 3292 719 3359 δέκα
736 3289 770 3360 ἐν
788 3287 992 3382 ἀμφοτέραις
1006 3305 1083 3374 ταῖς
1097 3295 1201 3384 χερσὶ,
1218 3291 1272 3358 καί

247 3392 279 3461 εἰ
299 3398 456 3478 πολεμεῖν
478 3395 562 3476 δέοι,
592 3393 629 3462 αλ
649 3406 737 3483 τρεῖς
758 3398 818 3480 μέν
837 3406 944 3481 χεῖρες
965 3393 1084 3484 ἑκάστη
1107 3397 1228 3485 πέλτην
1251 3391 1270 3482 ἢ

246 3498 361 3586 γέρρον
377 3493 399 3585 ἢ
417 3493 546 3564 άσπίδα
564 3492 658 3580 εἶχον,
679 3495 721 3567 αλ
740 3509 830 3586 τρεῖς
851 3493 924 3585 δέή
946 3497 1005 3582 μέν
1026 3500 1165 3566 πέλεκυν
1180 3499 1273 3565 κατέ-

248 3621 355 3688 φερεν,
379 3594 399 3686 ή
418 3598 588 3688 δέλόγχην
604 3596 707 3688 ήφίει,
726 3594 745 3687 ή
765 3600 801 3667 δέ
817 3605 865 3688 τῷ
884 3601 974 3688 ξίφει
992 3597 1116 3689 ἐχρῆτο.
1151 3601 1209 3667 καὶ
1223 3601 1274 3677 τίς

247 3699 296 3769 ἐτι
315 3696 354 3768 δν
371 3696 567 3790 ἀπιστήσειε
582 3707 687 3770 ταῦτα
705 3704 831 3790 λέγοντι
844 3699 950 3789 αότηῇ
968 3698 1141 3769 άκόλοοθα
1153 3699 1272 3791 γὰρτῇ

247 3799 343 3894 άργῇ,
362 3805 440 3893 περί
457 3795 497 3893 ἦς
514 3802 609 3893 ἐχρήν
627 3802 731 3885 εὐθὺς
747 3816 883 3873 σκοπεῖν
900 3804 931 3872 ελ
947 3805 1154 3890 παραδεκτέα
1171 3809 1227 3871 καί
1244 3800 1275 3870 ελ

170 3908 174 3919 “
247 3911 455 3996 συγχωρητέα
473 3903 578 3989 οότως
595 3905 688 3993 ἐχειν.
715 3904 754 3997 ἣν
772 3904 804 3976 δ’
816 3902 910 3989 άπαξ
926 3904 1031 3976 ἐκεῖνα
1049 3909 1123 3994 δῷς,
1144 3905 1277 3993 ἐπιρρεῖ
1327 3920 1328 3965 l

246 4004 290 4074 τὰ
311 4007 414 4078 λοιπά
436 4006 497 4079 καί
513 4007 636 4080 οόποτε
657 4010 814 4100 στήσωσι
838 4013 894 4079 καὶ
916 4008 955 4080 τὸ
979 4005 1132 4079 άπιστεῖν
1159 4005 1279 4089 αὐτοῖς
1327 4082 1328 4085 ¹
