2740 4648
406 246 473 301 XX.
500 246 758 303 ΕῬΜΟΤΙΜΟΣ
779 247 899 303 37-39.
1101 235 1164 301 301

127 349 193 427 Ικοιλ
202 344 240 416 τὸ
252 344 456 434 ἀπολόμενον
466 347 548 417 αὐτὸ
561 347 680 438 ἀόηλον
690 346 710 419 5'
719 376 753 418 τι
766 357 849 425 ποτέ
863 350 958 432 ἐστιν,
980 352 1045 421 ε’ίτε
1059 353 1164 442 φιάλη

135 476 188 529 τις
205 446 227 538 ἢ
246 450 370 539 σκύφος
388 449 409 538 ἢ
427 458 601 540 στέφανος·
630 448 703 520 ὅσοι
721 459 799 539 γοῦν
822 453 932 541 ἱερεῖς,
962 450 1060 534 ἀλλος
1083 453 1163 523 ἀλλο

134 549 223 619 εἶναι
239 554 371 639 λέγουσι
388 556 443 619 καί
461 552 538 621 οῦόλ
555 559 707 643 περὶτῆς
723 551 802 643 ἀλης
820 552 919 642 αὐτῆς
937 552 1162 644 ὁμολογοῦσιν,

137 652 206 722 ἀλλ’
219 654 252 721 οἱ
268 655 327 739 μὲν
342 657 477 738 χαλκοῦ,
507 657 539 723 οἱ
557 658 593 725 όὲ
611 654 767 748 ἀργύρου,
797 658 829 724 οί
851 658 887 725 όὲ
906 664 1042 743 χρυσοῦ,
1072 659 1105 724 οί
1127 658 1163 726 55

132 762 323 842 καττιτέρου
338 753 420 825 εἶναι
436 755 515 826 αάτῦ
530 759 723 846 φάσκουσιν.
752 755 871 846 ἀνάγκη
885 765 993 826 τοίνυν
1012 755 1163 841 ἅπαντας

134 857 621 949 ἀποόῦσαιτοάςείσελθόυτας,
643 861 794 945 εἰβοῦλει
804 858 908 950 εὑρεῖν
916 858 956 927 τὸ
971 858 1162 942 ἀπολωλός·
1179 948 1183 955 ρ

133 959 268 1049 καὶγὰρ
286 958 325 1047 ἢν
343 960 436 1049 παρὰ
453 968 500 1049 τῷ
518 963 641 1049 πρώτῳ
661 960 763 1042 εὐθὺς
781 958 876 1050 εῦρης
894 964 1015 1052 φιάλην
1030 971 1159 1053 χρυσῆν,

134 1063 184 1130 ἔτι
201 1065 257 1128 καί
274 1061 351 1143 τοὺς
369 1060 487 1143 ἀλλους
504 1089 559 1131 σοι
579 1063 770 1135 ἀποδοτέον.

185 1180 271 1235 ΕΡΜ.
307 1164 372 1232 Διά
390 1172 431 1246 τί,
453 1158 631 1249 ιάΛυκῑνε,·
743 1188 745 1193 ’

130 1336 136 1345 ,
185 1283 269 1338 ΛΥΚ.
302 1262 366 1335 λλτι
386 1264 505 1356 άόηλον
523 1269 554 1335 εἰ
571 1270 677 1356 φιάλη
697 1267 734 1336 τὸ
759 1266 964 1353 ἀπολόμενον
986 1261 1034 1356 ἦν.
1072 1269 1102 1336 εἰ
1124 1271 1161 1336 όὲ

134 1466 278 1550 ἅπαντές
296 1495 397 1559 φασιν
415 1469 572 1559 εἶναιτὴν
591 1474 727 1561 φιάλην·
747 1474 776 1540 εἰ
794 1475 829 1540 όὲ
847 1476 902 1540 καὶ
919 1474 1063 1557 μάλιστα
1076 1474 1159 1560 γνοί-

133 1590 230 1661 ριμσν
251 1579 377 1659 γένοιτο
401 1570 447 1653 ιῦς
468 1575 571 1662 φιάλη
599 1572 761 1643 ἀπόλοιτο
781 1583 898 1663 χρυσῆ,
927 1579 982 1643 καὶ
1004 1574 1043 1642 σὺ
1067 1573 1161 1664 παρά

132 1682 190 1765 ‘595x
200 1677 321 1762 πρώτῳ
341 1671 450 1763 εῦροις
468 1676 590 1763 φιάλην
605 1683 735 1763 χρυσῆν,
760 1673 836 1747 οῦόὲ
855 1673 941 1744 οάτω
960 1679 1073 1765 παύση
1092 1678 1161 1744 διε·

130 1778 334 1866 ρευνιόμενος
350 1776 428 1856 τοῦς
446 1775 578 1857 ἀλλους·
598 1775 635 1844 οῦ
654 1776 716 1863 γὰρ
735 1779 833 1864 όηλάν
851 1804 916 1845 που
937 1780 966 1845 εί
984 1777 1066 1868 αὕτη
1082 1770 1121 1868 ἦν
1139 1776 1158 1868 ἦ

131 1886 192 1948 τοῦ
211 1886 309 1946 θεοῦ·
328 1875 349 1966 ἢ
368 1876 426 1945 οῦκ
445 1882 508 1947 σ’ίει
526 1877 653 1959 πολλὰς
671 1881 794 1967 φιάλας
812 1877 897 1959 εἶναι
912 1886 1035 1968 χρυσᾶς
1040 1911 1052 1964 ,·

182 1997 269 2053 ΕΡΜ.
298 1977 428 2067 Ἔγωγε.
879 2062 881 2067 ,

183 2098 266 2153 ΛΥΚ.
307 2083 426 2170 Δεήσει
448 2081 486 2169 όη
511 2081 568 2150 ἐπὶ
585 2083 711 2163 πάντας
734 2083 819 2150 ἰέναι
840 2082 1019 2171 ἐρευνῶντα
1040 2088 1096 2151 καὶ
1117 2084 1159 2152 τὰ
1217 2068 1225 2087 ⁸

106 2232 111 2253 .
129 2181 210 2271 παρ’
227 2184 352 2272 ἑκάστῳ
372 2182 548 2273 εὑρεθέντα
566 2187 676 2252 πάντα
694 2185 727 2264 ἐς
743 2190 844 2270 μέσον
865 2191 1053 2255 καταθέντα
1071 2185 1160 2253 εἰκά-

131 2288 196 2370 ζειν
220 2283 240 2355 ῦ
260 2314 294 2353 τι
315 2288 398 2354 ποτὲ
421 2283 528 2354 αάτιῦν
550 2294 676 2373 πρέποι
697 2285 738 2355 ἀν
760 2294 856 2357 θεῖον
878 2295 985 2376 κτῆμα
1011 2290 1158 2356 οἴεσθαι.

129 2393 186 2456 καί
207 2387 269 2476 γὰρ
293 2380 335 2456 av}
356 2388 394 2457 τὸ
417 2389 474 2477 τὴν
496 2389 620 2486 πολλὴν
642 2388 786 2478 ἀπορίαν
812 2392 1036 2476 παρεχόμενον
1057 2391 1157 2459 τοῦτό
1177 2413 1209 2462 39

131 2489 228 2571 ἐστιν,
250 2487 303 2558 ότι
320 2491 455 2571 ἕκαστος
471 2498 537 2560 τῶν
556 2489 861 2578 ἀποδυθησομένων
880 2493 946 2577 ἔχει
963 2520 997 2560 τι
1014 2494 1157 2574 πάντας,

131 2589 150 2659 5
168 2594 226 2676 μὲν
245 2594 379 2683 σκύφον,
404 2593 421 2663 5
441 2596 477 2662 δὲ
495 2594 627 2683 φιάλην,
653 2592 670 2661 5
691 2595 726 2660 δὲ
744 2600 916 2683 στέφανον,
935 2598 992 2662 καὶ
1010 2592 1028 2662 5
1046 2598 1106 2687 μὲν
1124 2595 1159 2662 ἐκ

128 2696 260 2778 χαλκοῦ,
278 2693 296 2763 5
315 2697 352 2762 όὲ
370 2695 405 2763 ίκ
418 2703 550 2784 χρυσοῦ,
571 2694 589 2763 5
608 2697 644 2763 όὲ
663 2692 819 2786 ἀργύρου·
838 2696 868 2765 εί
882 2698 918 2764 όὲ
933 2696 950 2763 5
966 2696 1040 2779 ἕχει,
1060 2704 1158 2764 τοῦτο

128 2792 168 2862 τὸ
188 2795 274 2882 ίερόν
293 2797 389 2879 ἔστιν,
411 2796 542 2865 οάόέπιο
561 2799 668 2885 δῆλον.
695 2804 791 2866 πᾶσα
807 2804 917 2866 τοίνυν
934 2794 1056 2886 ἀνάγκη
1072 2797 1158 2866 ἀπο-

127 2911 196 2983 ρεῖν
215 2895 326 2968 ὅντινα
348 2902 516 2987 ἱερόσυλον
539 2901 650 2989 ε’ίπης,
678 2896 765 2967 ὅπου
788 2903 901 2987 γεκαὶ
924 2901 1099 2980 εἰπόντες
1115 2899 1159 2968 τά

130 2996 231 3081 όμοια
249 2999 348 3082 είχον,
377 3000 496 3091 άόηλον
513 2994 551 3092 ἦν
573 3006 628 3070 καὶ
651 2999 756 3083 οάτως
779 2999 872 3084 ὅστις
893 3000 913 3073 5
931 3001 1055 3073 τάτοῦ
1073 3009 1158 3071 θεοῦ

128 3096 347 3188 ἀφῃρημένος·
375 3105 446 3173 ἔστι
466 3104 527 3191 γὰρ
554 3110 609 3172 καὶ
637 3104 788 3174 ίόιωτικά
815 3106 922 3189 ἔχετον
943 3103 1158 3175 155’5'502»

127 3208 187 3288 τῆς
210 3198 342 3289 ἀγνοίας
364 3204 396 3270 ἓν
418 3204 519 3285 ἐστιν,
550 3205 656 3290 οἶμαι,
684 3207 722 3275 τὸ
746 3206 972 3297 ἀνεπίγραφον
994 3205 1158 3297 εἶναιτὴν
1184 3216 1186 3219 ’

128 3300 335 3391 ἀπολομένην
354 3307 474 3394 φιάλην
491 3344 535 3355 —-
551 3314 666 3390 θοῦμεν
683 3307 746 3395 γάρ
759 3311 880 3396 φιάλην
894 3307 1102 3377 ἀπολωλέναι
1115 3349 1158 3361 -

129 3402 175 3487 κάς
194 3407 227 3473 εί
240 3430 276 3492 γε
295 3406 518 3499 ἀπεγέγραπτο
536 3415 593 3474 τοῦ
613 3414 697 3475 θεοῦ
714 3409 752 3477 τὸ
772 3407 915 3497 ῦνομαῆ
936 3417 995 3479 τοῦ
1014 3407 1168 3479 ἀναθέν-1

126 3535 192 3591 τος,
213 3500 310 3598 ἦττον
327 3507 366 3579 άν
383 3509 562 3594 ,ἐκάμνομεν
575 3512 629 3575 καὶ
643 3507 794 3599 εὑρόντες1
808 3509 865 3599 τὴν
879 3511 1157 3601 ἐπτγεγραμμάην

127 3609 338 3697 ἐπεπαύμεθ
354 3608 393 3679 ἀν
411 3609 612 3701 ἀποόόοντες
628 3614 684 3681 καί
702 3611 909 3696 ’ἐνοχλοῦντες
929 3612 1007 3693 τοὺς
1025 3612 1154 3696 ἀλλους.

128 3711 222 3796 οἶμαι
241 3717 277 3782 δέ
289 3741 340 3796 σε,
362 3706 389 3781 ὦ
403 3711 590 3803 Ἑρμότιμε,
613 3717 669 3782 καί
687 3712 814 3803 ἀγῶνας
831 3713 893 3807 η’όη
909 3714 1085 3804 γυμνικοὺς
1102 3716 1156 3786 ἑο-

126 3822 259 3899 ρακέναι
275 3818 446 3897 πολλάκις.
723 3872 726 3878 .
896 3882 900 3887 ,

46 3983 49 3989 .
177 3932 263 3988 ΕΡΜ.
315 3923 381 3989 Καὶ
399 3917 522 4009 ὀρθῶς
549 3920 627 3989 σ’ίει·
663 3921 823 4002 πολλάκις
853 3920 916 4010 γάρ
947 3925 1003 3991 καὶ
1028 3924 1155 3992 πολλα-

121 4017 218 4104 χόθι.
