2740 4648
252 213 319 279 276
477 233 481 241 ’
641 220 898 279 ΛΟΥΚῙΑΝΟΥ

256 328 416 417 ἀλλήλων,
440 324 478 397 τὸ
489 324 755 414 πεντάγραμμον,
781 315 1087 414 ᾦσνμβάλφπρδς
1107 322 1185 404 τοὺς
1203 319 1287 410 δμο-

254 433 373 513 ’δόξους
391 428 540 520 ἐχρῶντο,
559 425 666 516 ὑγίεια
681 427 770 518 πρὸς
787 424 895 499 αὐτῶν
912 423 1108 511 ὠνομάζετο,
1126 428 1182 494 καί
1196 422 1286 509 ὑλως

257 531 393 622 ήγοῦντο
410 537 459 619 τῷ
475 532 534 616 μὲν
555 527 711 621 ὑγιαίνειν
732 528 771 598 τὸ
790 520 826 596 εὑ
848 529 1005 617 πράττειν
1025 531 1082 596 καλ
1101 526 1140 596 τὸ
1156 534 1285 618 χαίρειν

254 636 387 717 ἐνεῖναι,
416 630 492 701 οὔτε
515 634 551 701 δὲ
571 638 620 721 τῷ
641 622 677 700 εὑ
699 632 856 723 πράττειν
878 627 955 699 σι’ίτε
979 635 1029 719 τῷ
1051 635 1177 717 χαίρειν
1196 630 1287 699 πάν.

254 750 321 817 τως
337 733 447 804 καλτο
470 731 636 822 ὑγιαίνειν
676 733 801 805 είσιδὲ
823 737 857 801 οἳ
876 731 982 800 καὶ
948 758 1006 821 τήν
1022 730 1204 822 τετρακτὺν,
1226 732 1287 802 τδν

254 845 407 928 μέγιστον
438 834 534 926 ὅρκον
565 834 685 920 αὑτιόν,
716 835 737 925 ἢ
768 833 826 905 τὸν
853 833 961 924 ἐντελῆ
991 831 1106 916 αὑτοῖς
1138 830 1287 923 άριδριδν

257 940 429 1010 ἀποτελεῖν
448 937 518 1008 οίδε
535 943 590 1007 καὶ
608 936 694 1026 ὑγιεί
693 964 743 1018 ας
748 935 848 1028 ἀρχὴν
864 927 1077 1020 εκάλεσαν,
1049 963 1096 1005 ων
1113 939 1170 1004 καλ
1185 936 1288 1006 mb-

222 1045 335 1124 ολαός
357 1042 454 1112 ἐστι.
477 1046 533 1110 καλ
557 1047 673 1110 τίσσι
697 1039 775 1122 τοὺς
799 1037 965 1119 παλαιοὺς
990 1034 1130 1126 λέγωᾎ
1116 1035 1203 1108 άπσυ
1227 1042 1289 1108 καί

225 1214 228 1218 ,
252 1144 327 1215 Ἐπί
327 1142 541 1236 κσυρος,άνήρ
559 1144 647 1212 πάνυ
663 1148 788 1232 χαίρων
804 1169 851 1231 τῳ
837 1148 994 1231 χαίρειν
1015 1144 1071 1209 καὶ
1090 1139 1150 1230 τήν
1167 1139 1289 1232 ἡδονήν

254 1241 321 1335 πρὸ
342 1245 497 1315 ἁπάντων
515 1246 717 1332 αἱρούμενος,
727 1244 760 1314 έν
772 1257 847 1325 ταῖς
860 1246 1136 1334 σπουδαιοτέραις
1149 1244 1289 1314 ἐπιστο-

255 1353 329 1428 λαῖς
351 1390 392 1399 -
415 1349 481 1415 εἰσὶ
502 1346 532 1414 δ’
550 1338 648 1416 αὗται
670 1344 780 1434 ὀλίγαι
801 1387 843 1399 -
864 1351 920 1415 καὶ
946 1345 979 1413 ἐν
1001 1359 1076 1426 ταῖς
1095 1346 1182 1435 πρὸς
1206 1345 1291 1428 τοὺς

255 1452 436 1541 φιλτάτους
452 1450 598 1534 μάλιστα
616 1446 773 1535 ὑγιαίνειν
791 1446 893 1527 εὐθὺς
911 1448 944 1516 ἓν.
960 1445 1045 1538 ἀρχῇ
1066 1449 1290 1538 προστάττεις

255 1550 342 1620 πολὺ
358 1548 392 1618 δ’
405 1549 444 1619 δν
461 1553 517 1618 καὶ
535 1549 567 1619 ἐν
584 1558 624 1640 τῇ
641 1551 788 1640 τραγῳδί
788 1577 810 1639 ᾳ
774 1554 879 1619 ίκαὶ
894 1549 926 1618 ἐν
938 1556 978 1640 τῇ
993 1548 1114 1640 ἀρχαίᾳ
1124 1554 1291 1642 κωμῳδίᾳ

256 1650 366 1743 εάρσις
383 1652 421 1720 τὸ
440 1649 597 1741 ὑγιαίνειν
614 1659 746 1741 πρῶτον
765 1651 866 1732 εὐθὺς
883 1655 1073 1740 λεγόμενον
1088 1652 1127 1721 τὸ
1145 1655 1205 1738 μέν
1221 1653 1290 1744 γάρ

556 1745 638 1823 Οὑλέ
654 1780 690 1822 τε
707 1757 763 1822 καὶ
778 1755 869 1839 μάλα
884 1767 979 1879 χαῖρε

256 1865 375 1947 σαφῶς
396 1862 657 1947 προτεταγριένσν
678 1864 739 1925 τοῦ
762 1856 944 1946 χαίρειν
910 1884 949 1926 το
972 1854 1174 1944 ὑγιαίνειν”
1155 1877 1239 1941 εχει·
1269 1853 1290 1927 δ
1355 1902 1356 1929 τ

257 1957 287 2027 δ’
304 1956 437 2040 Ἄλεξις,

386 2052 420 2128 Ω
437 2056 590 2142 δέσποθ’,
609 2057 783 2148 ὑγίαιν’,
758 2087 803 2141 ως
817 2061 949 2151 χρόνιος
967 2061 1147 2151 ἐλήλυθας·

257 2161 476 2248 ὅδ’ίίχαιδς,

389 2261 475 2334 Ἥκω
493 2262 674 2353 πεπραγὼς
691 2264 796 2350 δεινά,
816 2265 855 2335 οὑ
875 2265 977 2334 δ’ί
921 2264 961 2355 ὑγ
963 2271 1047 2336 ίαινί
1062 2285 1137 2352 μοι·

255 2363 346 2433 καὶ
329 2392 359 2433 ο·
368 2368 531 2455 Φιλήμων,

244 2480 256 2501 ”
395 2466 574 2537 Αἰτῶδ
555 2495 595 2557 ογ
597 2475 680 2537 ίειαν
696 2475 840 2561 πρῶτον,
860 2467 917 2539 εἶτ’
933 2453 1122 2561 εὑπραξίαν,

394 2576 505 2695 τρίτρν
524 2572 560 2639 δέ
574 2577 710 2662 χαίρειν,
730 2568 819 2640 είτ”
802 2597 867 2661 σφε
868 2576 948 2641 ίλειν
964 2575 1089 2661 μηδενί.

255 2697 274 2739 ο
262 2667 404 2757 εμέν
367 2697 430 2760 γαρ
447 2672 487 2742 τὸ
506 2674 636 2742 σκόλιον
653 2673 800 2761 γράψας,
824 2698 863 2742 ου
849 2664 937 2743 καί
953 2676 1094 2747 Πλάτων
1109 2679 1293 2764 μέμνηται,

253 2778 289 2842 τί
305 2777 360 2842 καλ
379 2765 476 2855 οὗτός
494 2800 612 2864 φήσας
638 2772 796 2863 ὑγιαίνειν
812 2777 871 2861 μίν
894 2774 1043 2866 άριστσν,
1069 2775 1109 2846 τὸ
1132 2777 1296 2868 δεύτερον

253 2879 353 2944 καλὸν
373 2878 552 2963 γενέσθαι,
572 2882 681 2966 τρίτον
704 2880 740 2946 δὲ
761 2882 930 2963 πλουτεῖν,
957 2887 1018 2949 τοῦ
1037 2885 1165 2970 χαίρειν
1188 2881 1229 2948 δέ
1250 2879 1295 2951 τδ

254 2978 417 3065 παράπαν
426 2976 485 3047 οὑκ
494 2978 652 3103 ἐμνήσθη,
671 2980 726 3048 ἵνα
737 2982 783 3071 μή
793 3005 849 3051 σοι
862 2981 901 3052 τὸ
914 2982 1170 3073 γνωριμώτατον
1179 2980 1294 3052 έκεῖνο

255 3082 310 3145 καλ
327 3087 413 3148 πάσι
431 3080 487 3149 διὰ
505 3082 671 3166 στόματος
687 3086 785 3207 λέγω,

293 3177 422 3269 Ὺγίεια,
442 3189 628 3274 πρεσβίστα
644 3185 809 3274 μακάρων,
829 3184 917 3304 μετά
935 3192 992 3255 σεῦ
1013 3185 1193 3272 ναίοιμι
1157 3213 1199 3256 το
1218 3189 1297 3258 λοι·

339 3285 484 3369 πόμενον
499 3292 632 3372 βιοτᾶς·

254 3380 340 3455 δ’στε
359 3387 390 3454 εί
406 3392 529 3477 πρεσβί
529 3412 588 3471 σου
608 3386 773 3456 ἕστλνί
709 3384 773 3476 Ὑγί
772 3412 839 3472 εια,
866 3351 977 3458 καί
943 3416 982 3459 το
1004 3389 1098 3481 εργον
1121 3386 1226 3480 αὑτῆς
1248 3391 1293 3462 τά

221 3511 237 3559 7
254 3484 411 3575 ὑγιαίνειν
427 3495 629 3579 προτακτέον
646 3516 712 3557 των
730 3487 838 3558 άλλων
859 3488 1009 3580 άγαθιδν
1043 3498 1147 3583 μυρία
1171 3493 1214 3563 δὲ
1231 3497 1296 3565 καί

254 3588 364 3657 άλλα”
347 3616 381 3658 εκ
393 3614 429 3658 τε
442 3597 590 3718 πριητιόν
603 3594 658 3659 καί
671 3598 885 3719 συγγραφέων
900 3597 956 3664 καί
967 3588 1164 3685 φιλοσόφων
1180 3620 1297 3665 κατα-

254 3693 362 3774 δεῖξαί
325 3716 439 3761 ασοι
461 3692 556 3776 ε’χων,
557 3694 822 3818 πρρτιμιάντων
842 3692 882 3765 τὸ
904 3693 1074 3786 ὑγιαίνειν,
1101 3703 1204 3767 τοῦτο
1226 3701 1296 3785 μὲν

252 3795 518 3885 παραιτήσομαι,
542 3791 588 3877 ιὺς
603 3823 650 3887 μή
634 3795 717 3878 “είς
734 3793 970 3889 ἀπειροκαλίαν
986 3798 1061 3870 τινὰ
1076 3802 1356 3892 μειρακιώδη
1355 3796 1356 3837 ⁴

253 3892 373 3987 ίκπίση
390 3922 450 3982 μοι
463 3895 502 3966 τὸ
516 3898 710 3987 σύγγραμμα
722 3903 778 3969 καλ
788 3901 1023 3989 κινδυνεύωμεν
1034 3899 1102 3992 ἥλῳ
1118 3901 1356 3993 ίνινροάειν
1355 3886 1356 3953 ί

252 3995 310 4064 τὸν
334 3989 426 4088 ήλον,
463 3998 558 4088 ὀλίγα
584 4003 622 4070 δί
648 4026 705 4072 σοι
729 4010 788 4092 τής
818 4000 957 4095 ἀρχαίας
987 4004 1136 4097 ἱστορίας
1167 4000 1356 4079 ὁπόσα
