2752 4632
198 255 264 323 168
585 261 841 320 Δονκιλκοκ
938 304 942 312 .

135 386 146 398 ’
197 377 255 443 καὶ
273 372 400 455 Mag
421 372 477 438 καὶ
495 367 730 457 ἐπιγράμματα
752 363 846 436 οὗδδν
867 365 1059 459 Ιτιμιῶτεροι
1076 363 1158 455 παρ’
1175 363 1237 438 αά,

199 489 278 559 ,τοῖς
291 472 357 544 εἶσι
373 481 440 543 τῶν
458 474 601 541 ἰδιωτῶν
617 477 754 562 νεκρῶνς

250 593 341 650 mn.
376 590 510 665 Ληρεῖς,
532 565 684 654 ῶοῦτος·
703 572 734 641 εἰ
746 579 824 661 γοῦν
837 571 971 643 ἐθεάσω
983 570 1041 642 τδν
1049 573 1238 652 Μαύσωλον

153 671 155 682 ί
200 679 301 765 αάτδν
318 719 361 733 ·-
379 682 462 767 λέγω
482 679 518 746 δὲ
535 674 591 745 τὸν
608 681 718 766 Κάρα,
740 673 799 744 τὸν
815 675 851 744 ἐκ
867 684 926 745 τού
947 676 1058 766 τάφου
1075 677 1239 765 περιβόη-

197 810 259 853 τον
276 773 372 851 -εά
401 779 478 850 οῖδα
504 776 564 849 ούκ
588 776 629 848 ἀν
656 778 793 848 έπαύσω
820 781 936 868 γελῶν,
966 775 1052 855 ούτω
1078 777 1241 861 ταπεινὸς

202 888 339 977 ἐ’ρριπτο
358 883 391 953 έν
409 883 613 973 παραβύστῳ
631 908 699 951 που
717 882 892 951 λανθάνων
905 880 939 950 ἐν
955 884 1003 970 τῷ
1017 884 1126 970 λοιπῷ
1141 881 1239 970 δήμιμ

198 997 267 1058 τῶν
287 994 419 1078 νεκρῶν,
448 985 523 1072 ἐμοὶ
545 987 665 1067 δοκεῖν,
691 991 850 1054 τοσούτω
870 980 1134 1053 ἀπολαύωντοῠ
1156 986 1241 1073 μνήι-

201 1104 319 1178 ματος,
347 1086 426 1176 παρ’
444 1085 522 1158 ὅσον
541 1087 716 1176 ἐβαρύνετο
737 1090 928 1176 τηλικοῦτον
945 1083 1053 1171 ἀχθος
1071 1087 1241 1172 &amim-

199 1215 271 1275 νος·
291 1190 427 1273 έπειδάν
439 1190 516 1280 γὰρ,
536 1181 692 1279 ῶὲταῖρε,
713 1187 867 1270 δΑίακὸς
880 1186 1094 1279 ἀπομετρήσῃ
1108 1188 1239 1278 ἑκάστῳ
1363 1184 1366 1191 ’

200 1297 259 1365 τὸν
276 1297 382 1364 τόπον
399 1333 443 1343 -
461 1294 580 1375 δίδωσι
601 1293 638 1359 δὲ
658 1290 698 1360 τὸ
715 1297 870 1380 μέγιστον
893 1289 931 1361 ού
949 1294 1051 1361 πλέον
1068 1291 1179 1373 ποδός
1194 1330 1239 1353 -,-·
1365 1316 1366 1365 ξ

203 1394 325 1485 ἀνάγκη
345 1395 525 1485 ἀγαπῶντα
542 1401 764 1463 κατοικεῖσθαι
776 1393 864 1482 πρὸς
875 1421 914 1463 το
900 1393 1047 1486 μέτρον
1061 1397 1241 1463 συνεσταλ-

201 1506 310 1597 μένον.
338 1494 544 1586 πολλῳδ
521 1524 576 1579 αν,
596 1494 703 1582 οίμαι,
722 1501 846 1622 μᾶλλρν
864 1496 1033 1585 ἐγέλασας,
1053 1496 1084 1566 εἰ
1102 1496 1240 1566 ἐθεάσω
1365 1544 1366 1593 ss

201 1602 281 1683 τοὺς
298 1628 368 1691 παρ
391 1598 470 1725 ήμῖν
482 1602 641 1686 βασιλέας
652 1602 708 1666 καί
721 1600 897 1688 σατράπας
909 1601 1149 1685 πτωχεύοντας
1154 1595 1238 1688 παρ’

204 1703 317 1785 αύτοῖς
329 1706 386 1771 καὶ
397 1700 472 1793 ήτοι
484 1700 826 1792 ταριχοπωλοῦντας(
807 1700 873 1803 οπῗ
869 1701 967 1829 ἀπορ
968 1708 1020 1784 ίας
1032 1700 1106 1793 ήτὰ
1117 1707 1242 1791 πρῶτα

173 1888 178 1899 s
204 1808 420 1889 διδάσκοντας
438 1808 616 1930 γράμματα
637 1802 731 1874 καίε
714 1804 781 1873 υπὸ
802 1811 863 1873 τού
889 1806 1044 1917 τυχόντος
1064 1802 1241 1893 ύβριζομέ

202 1936 282 2035 νρος
296 1914 352 1995 καλ
369 1907 453 1976 κατὰ
466 1910 584 1998 κόρρης
596 1903 841 1994 παιομένοος“
812 1932 926 1998 ωσπερ
937 1910 1005 1976 τῶν
1018 1905 1240 1998 ἀνδραπόδων

199 2011 245 2079 τὰ
264 2009 463 2096 ἀτιμότατα·
485 2018 527 2079 Φ
514 2015 652 2079 λιππον
669 2017 748 2098 γοῦν
764 2009 822 2079 τὸν
834 2011 1008 2079 Μακεδόνα
1026 2009 1091 2099 έγδι
1105 2009 1240 2078 θεασά·

203 2135 300 2200 μενος
319 2111 396 2183 οάδὲ
413 2127 542 2203 κρατεῖν
566 2112 709 2196 ἒμαοτού
732 2111 869 2194 δυνατὸς
890 2104 944 2201 ήν·
971 2112 1105 2202 έδείχδη
1124 2114 1240 2198 δόμοι

204 2216 237 2284 έν
255 2217 397 2304 γωνιδίιμ
415 2218 481 2283 τινί
497 2221 626 2299 μισθοῦ
645 2212 822 2300 ἀκούμενος
838 2214 882 2283 τὰ
900 2213 1016 2303 σαθρὰ
1031 2221 1099 2284 τῶν
1111 2212 1241 2302 ἀποδη-

203 2318 328 2403 μάτων.
351 2315 509 2396 ·πολλούς
530 2318 567 2384 δέ
583 2342 639 2384 και
628 2309 813 2399 ἀλλους
792 2345 831 2406 ην
849 2318 932 2387 ἰδεῖν
950 2317 984 2386 έν
999 2330 1074 2398 ταῖς
1090 2317 1241 2406 τριόδοις

203 2425 456 2504 μεταιτοῦντας,
501 2422 624 2509 Ξέρξας
658 2424 741 2508 λέγω
772 2422 828 2488 καλ
857 2425 1019 2511 Δαρείους
1047 2421 1105 2558 καί
1129 2422 1240 2487 Πολοω
1256 2426 1260 2431 ’

203 2523 337 2611 κράτος.
1193 2572 1196 2578 .

154 2646 187 2697 18
258 2641 333 2696 ΦΙΑ
348 2623 487 2695 Ὰτοπα
505 2624 658 2715 διηγη
621 2652 664 2693 τα
681 2627 760 2713 περὶ
780 2631 846 2693 τῶν
862 2627 1027 2712 βασιλέων
1043 2576 1099 2692 καλ
1119 2630 1240 2714 μικρού

205 2725 315 2797 δεῖν”
292 2753 430 2796 απιστα,
457 2732 493 2795 τί
510 2724 581 2794 δέ
565 2728 797 2818 οΣωκράτης’
787 2726 929 2815 ε’πραττε
945 2729 1001 2795 καλ
1010 2732 1165 2815 Διογένης
1182 2728 1241 2805 καὶ

204 2831 239 2909 εί
252 2858 303 2911 τις
321 2827 419 2909 ἀλλος
436 2836 503 2896 τῶν
521 2837 654 2918 σοφῶνς

146 3016 153 3025 .
255 2947 346 3002 ΜΕΝ.
381 2928 490 3016 Ὁμὲν
511 2932 689 3020 Σωκράτης
714 2930 808 3000 κάκεῖ
827 2937 1040 3022 περιέρχεται
1067 2933 1240 3019 διελέγχων

204 3030 369 3112 ἅπαντας·
401 3034 528 3109 σύνεισι
546 3032 577 3102 δ’
594 3032 683 3122 αύτῷ
701 3035 904 3124 Παλαμήδης
924 3036 980 3102 καὶ
994 3031 1162 3117 Ὀδυσσεὺς
1182 3036 1241 3105 καὶ

202 3141 340 3225 Νέστωρ
358 3140 414 3203 καὶ
431 3138 465 3204 εί
478 3162 530 3216 τις
548 3132 646 3216 ἀλλος
663 3137 763 3216 λάλος
774 3136 896 3224 νεκρός
924 3136 973 3204 έτι
985 3142 1098 3223 μέντοι
1111 3135 1241 3226 έπεφύυ
1288 3203 1293 3211 ,

204 3264 286 3327 σητο
305 3236 395 3326 αύτῷ
413 3241 469 3306 καὶ
487 3240 641 3329 διῳδήκει
655 3238 689 3306 έκ
700 3244 759 3328 τής
772 3245 1052 3328 φαρμακοποσίας
1068 3238 1111 3307 τὰ
1128 3242 1239 3328 σκέλη

204 3340 222 3410 ὁ
243 3343 279 3410 δέ
294 3346 466 3428 βέλτιστος
483 3348 639 3429 Διογένης
656 3354 812 3428 παροικεῖ
826 3342 886 3426 μὲν
897 3341 1170 3431 Σαρδαναπάλλῳ
1186 3346 1239 3429 τῷ

198 3441 360 3533 Ἀσσυρίῳ
377 3447 433 3523 καὶ
450 3446 542 3533 Μίδᾳ
558 3451 606 3532 τῷ
628 3447 729 3530 Φρυγὶ
750 3445 805 3511 καὶ
828 3440 942 3524 ἀλλοις
961 3447 1032 3512 τισὶ
1049 3450 1114 3512 τῶν
1132 3445 1241 3511 πολε,

10 3564 12 3637 ζ
100 3578 103 3584 ·
202 3550 319 3614 τελῶν·
352 3544 480 3614 ἀκούων
507 3547 543 3612 δὲ
565 3546 772 3630 οἰμωζόντων
800 3543 908 3614 αότῶν
933 3548 988 3613 καὶ
1009 3543 1067 3634 τήν
1087 3544 1239 3614 παλαιὰν

198 3649 300 3735 τύχην
318 3646 606 3736 ἀναμετρουμένων
622 3653 701 3739 γελᾷ
718 3674 755 3717 τε
767 3652 823 3718 καὶ
835 3654 992 3738 τέρπεται
1003 3651 1059 3716 καὶ
1071 3647 1114 3716 τὰ
1126 3645 1240 3716 πολλὰ

202 3746 323 3831 ύπτιος
348 3757 578 3836 κατακείμενος
604 3750 678 3840 ᾄδει
704 3753 795 3836 μάλα
820 3756 955 3840 τραχείᾳ
976 3753 1032 3818 καὶ
1053 3746 1239 3841 ἀπηνεῖτῇ

203 3860 298 3944 φωνῇ
316 3853 376 3934 τὰς
394 3852 540 3941 οἰμωγὰς
559 3852 667 3923 αύτῶν
689 3854 934 3935 ἐπικαλύπτων,
963 3848 1050 3923 ῶστε
1071 3849 1240 3923 ἀνιᾶσθαι

202 3956 282 4035 τοὺς
309 3952 429 4046 ἀνδρας
454 3959 509 4023 καὶ
536 3957 799 4043 διασκέπτεσθαι
824 3968 986 4042 μετοικεῖν
1013 3952 1051 4024 ού
1074 3960 1242 4046 φέροντας

203 4055 260 4126 τὸν
278 4064 443 4145 Διογένην.
