2740 4648
365 262 432 319 xx.
458 263 725 321 ΕΡΜοσῚωοΣ·
740 267 858 324 ιι-εο.
1060 250 1143 317 289·

93 366 170 457 ἄχρι
182 365 232 436 *ἀν
253 365 413 459 εόσταλὴς
425 360 454 458 ᾗ
476 366 495 458 ἡ
519 359 663 459 ἀναβολὴ
684 374 740 438 καὶ
761 368 920 458 δ’πῶγων
940 368 1052 457 ’βαθὺς
1068 373 1125 440 καί

94 472 128 542 δν
142 478 212 560 χρη]
231 468 251 559 ἡ
269 473 371 559 κουρά
376 502 388 555 ,·
405 476 460 539 καὶ
477 472 563 562 πρὸς
579 472 618 542 τὸ
637 473 754 542 λοιπὸν
772 471 837 560 άρα
855 473 976 557 ίχωμεν
993 476 1125 541 τουτονί

93 574 213 643 κανόνα
230 576 287 641 καί
304 575 458 663 στάθμην
472 572 590 664 ἀκριβῆ
607 578 854 657 τῶντοιούτων,
875 574 921 656 ῶς
930 572 1126 664 Ἑρμότιμός
1186 644 1193 659 ,

93 702 186 768 φησι,
206 679 262 749 καί
277 675 337 765 χρὴ
357 675 426 745 ἀπὸ
445 679 618 766 σχημάτων
635 683 692 746 καὶ
706 679 921 766 βαδισμάτων
934 682 990 745 καὶ
1003 686 1123 767 κουρᾶς

92 779 336 867 διαγιγνώσκειν
354 777 431 860 τοὺς
448 777 611 869 ἀρίστους,
632 781 669 861 ὃς
687 780 718 849 δ’
730 779 770 850 ἀν
787 781 831 870 μὴ
851 780 904 870 ἔχη
922 782 1026 848 τάῦτα
1039 780 1122 869 μηδδ

90 880 296 971 σκυθρωπὸς
318 872 339 971 ᾖ
362 882 663 971 καὶφροντιστικὸς
679 883 718 952 τὸ
741 884 936 972 πρόσωπον,
960 880 1122 952 ἀποδοκι-

90 990 234 1071 μαστέος
252 987 308 1055 καὶ
325 981 546 1073 ἀπσβλητέος;
569 983 637 1053 ἀλλ’
653 983 776 1074 δρα-μὴ
795 989 852 1052 καὶ
868 993 984 1068 ταῦτα,
1010 977 1122 1076 ῶἘρη
1141 1007 1171 1054 19

88 1088 224 1173 μότιμε,
255 1087 386 1169 παίζεις
407 1087 494 1174 πρός
514 1113 556 1172 με
582 1089 787 1177 πειρώμενος
813 1088 843 1155 εί
870 1087 1123 1173 ἐξαπατώμενος

90 1196 235 1276 συνίημι.

143 1308 229 1363 ΕΡΜ.
266 1290 332 1360 Διὰ
349 1297 384 1359 τί
400 1289 485 1359 τοῦτ’
503 1291 657 1382 δφησθα;

142 1409 227 1463 ΛΥΚ.
258 1389 332 1473 ”Οτι,
353 1384 476 1480 ὦγαθὲ,
498 1392 697 1481 ἀνδριάντων
713 1396 835 1484 ταύτην
853 1394 999 1477 ἐξέτασιν
1018 1397 1123 1483 λέγεις

87 1495 148 1584 τὴν
168 1494 236 1563 ἀπὸ
254 1502 319 1563 τῶν
337 1496 527 1584 σχημάτων·
548 1496 642 1587 παρὰ
665 1495 749 1565 πολὺ
768 1503 845 1586 γοῦν
864 1496 981 1565 ἐκεῖνοι
1004 1495 1121 1584 εὐσχη-

84 1602 282 1686 μονέστεροι
298 1602 353 1665 καί
370 1597 431 1677 τὰς
449 1595 613 1684 ἀναβολὰς
629 1600 857 1687 κοσμιώτεροι,
881 1602 1012 1668 Φειδίου
1031 1599 1120 1681 τινὸς

85 1698 110 1789 ἢ
129 1698 341 1785 Ἀλκαμένους
362 1698 383 1787 ἢ
406 1701 564 1787 Μάρωνος
585 1700 671 1788 πρὸς
691 1699 730 1769 τὸ
759 1698 1005 1790 εὐμορφότατον
1032 1703 1121 1770 είκά-

85 1826 218 1882 σαντος.
247 1803 276 1870 εί
295 1804 331 1870 δδ
348 1806 402 1870 καὶ
417 1798 470 1870 ότι
482 1803 628 1888 μάλιστα
638 1802 698 1893 χρὴ
713 1799 953 1890 τεκμαίρεσθαι
966 1817 1037 1883 τοῖς
1050 1831 1121 1871 τοι-

86 1908 215 1985 ούτοις,
238 1911 273 1972 τί
290 1903 329 1972 ἀν
347 1907 459 1974 πάθοι
476 1931 540 1984 τις,
565 1906 595 1973 εἰ
611 1904 737 1994 τυφλὸς
755 1901 801 1972 ῶν
820 1903 1003 1991 ἐπιθυμοίη
1023 1909 1120 1992 φιλο-

86 2020 224 2097 σοφεῖν,·
249 2013 297 2094 τῷ
316 2009 436 2095 διαγνῷ
458 2006 515 2075 τὸν
536 2005 595 2094 τὴν
617 2004 738 2092 ἀμείνω
758 2012 951 2095 προαίρεσιν
973 2032 1121 2096 προῃρη-

83 2117 185 2197 μένον
204 2106 279 2177 οότε
298 2115 406 2196 σχῆμα
424 2106 500 2177 σι’ίτε
515 2111 665 2196 βάδισμα
683 2108 763 2196 ὁρᾶν
781 2110 973 2193 δυνάμενος·

10 2210 17 2220 “
139 2227 226 2282 ΕΡΜ.
262 2207 341 2279 Ἀλλ’
353 2210 463 2297 ἔμοιγε
482 2208 519 2279 οδ
534 2210 620 2301 πρὸς
632 2211 777 2302 τυφλοὺς
790 2210 808 2279 ό
822 2212 927 2299 λόγος,
948 2203 1117 2293 ῶΛνκῖνε,

83 2310 168 2382 οόδί
184 2338 244 2397 μοι
260 2315 353 2398 μέλει
370 2321 435 2381 τῶν
452 2314 620 2383 τοιούτων.

141 2431 225 2485 ΛΥΚ.
262 2412 371 2503 Ἐχρῆν
391 2417 464 2500 μὲν,
493 2408 673 2503 ῶχρηστδ,
700 2418 808 2485 κοινόν
829 2443 862 2485 τι
888 2415 926 2484 τὸ
949 2416 1120 2504 γνώρισμα
1206 2421 1209 2427 ’

82 2515 260 2587 εἶναιτῶν
283 2514 369 2586 οὕτω
391 2519 541 2605 μεγάλων
561 2522 616 2586 καὶ
640 2515 748 2587 ἅπασι
768 2523 945 2606 χρησίμων.
981 2517 1067 2603 πλὴν
1089 2517 1119 2584 εί

84 2621 194 2700 δοκεῖ,
215 2620 247 2686 ολ
262 2622 322 2706 μὲν
339 2621 401 2702 ἔξω
419 2617 497 2707 ἡμῖν
515 2624 718 2710 φιλοσοφίας
734 2626 920 2704 μενέτωσαν
938 2619 971 2685 ολ
987 2622 1118 2706 τυφλοί,

12 2718 14 2725 ’
83 2721 229 2810 ἐπείπερ
246 2724 330 2812 μηδὲ
348 2719 453 2811 ὁρῶσι
469 2762 511 2772 -
528 2728 637 2791 καίτοι
660 2720 833 2810 ἀναγκαῖον
855 2712 895 2809 ἦν
915 2733 987 2801 τοῖς
1008 2721 1119 2788 τοιοό-

79 2848 160 2903 τοις
175 2825 322 2909 μάλιστα
340 2828 552 2915 φιλοσοφεῖν,
581 2822 627 2904 ῶς
647 2824 692 2913 μὴ
710 2826 797 2893 πάνυ
822 2821 981 2911 ἄχθοιντο
1004 2823 1061 2890 ἐπὶ
1078 2828 1119 2912 τῇ

78 2934 247 3016 συμφορᾷ
262 2967 302 2976 -
317 2928 349 2995 ολ
364 2929 399 2996 δὲ
413 2927 452 3015 δὴ
464 2931 649 3013 βλέποντες,
669 2925 727 2995 κάν
741 2927 829 2995 πάνυ
844 2924 1028 3015 ὀξυδερκεῖς
1042 2916 1115 3008 ὦσι,

76 3035 117 3099 τί
138 3025 180 3093 ἀν
198 3028 348 3097 δύναιντο
367 3033 508 3098 συνιδεῖν
520 3038 586 3100 τῶν
598 3038 656 3119 τῆς
669 3037 776 3119 ψυχῆς
790 3028 858 3099 ἀπό
872 3056 908 3118 γε
921 3036 980 3118 τῆς
993 3028 1118 3112 ἔξωθεν

76 3130 209 3214 ταύτης
226 3132 421 3217 περιβολῆς·
447 3133 465 3200 ὃ
485 3133 521 3199 δὲ
537 3135 700 3218 βούλομαι
718 3134 839 3216 εἰπεῖν,
865 3132 994 3201 τοιόνδε
1018 3132 1115 3212 ἐστὶν,
1135 3150 1169 3200 20

76 3230 150 3317 οὐχ
168 3224 222 3296 ότι
240 3234 297 3316 τῆς
314 3232 444 3318 γνώμης
464 3240 531 3300 τῶν
553 3232 679 3322 ἀνδρῶν
702 3233 801 3321 ἔρωτι
822 3239 981 3322 προσῄεις
1004 3230 1117 3311 αὐτοῖς

75 3338 142 3404 καὶ
162 3329 274 3420 ἠξίους
291 3328 432 3417 ἀμείνων
448 3339 622 3420 γίγνεσθαι
640 3333 673 3414 ἐς
689 3334 731 3401 τὰ
748 3341 806 3423 τῆς
822 3336 968 3421 γνῶμης;

136 3450 226 3508 ΕΡΜ.
261 3437 327 3502 Καὶ
343 3434 446 3519 μάλα.
533 3434 537 3443 ’

105 3576 108 3583 v
137 3553 223 3609 ΛΥΚ
262 3544 341 3624 Πῶς
359 3528 416 3605 οόν
435 3535 507 3606 οἶόν
524 3542 561 3605 τί
578 3542 633 3605 σοι
649 3528 691 3624 ἦν
704 3533 762 3625 ἀφ’
775 3528 820 3604 ῶν
834 3536 971 3625 ἔφησθα
989 3535 1117 3604 ἐκείνων

74 3648 153 3711 τῶν
170 3635 405 3728 γνωρισμάτων
424 3642 538 3729 διορᾶν
553 3637 612 3709 τὸν
631 3636 745 3729 ὀρθῶς
758 3643 1006 3729 φιλοσοφοῦντα
1019 3635 1040 3725 ἢ
1053 3638 1117 3726 μή,·

74 3743 123 3815 οὗ
146 3741 209 3829 γὰρ
228 3746 322 3833 φιλεῖ
337 3740 379 3810 τὰ
396 3750 536 3811 τοιαῦτα
554 3738 639 3811 οότω
663 3744 919 3832 διαφαίνεσθαι,
941 3738 1012 3826 ,ἀλλ’
1029 3740 1118 3808 ἔστιν

74 3844 264 3931 ἀπόρρητα
281 3850 337 3914 καὶ
356 3844 389 3913 ίν
407 3843 530 3935 ἀφανεῖ
548 3854 693 3930 κείμενα,
721 3845 833 3932 λόγοις
849 3847 906 3913 καί
928 3849 1118 3923 συνουσίαις

75 3946 344 4032 ἀναδεικνύμενα
361 3952 416 4017 καί
434 3948 542 4038 ἔργοις
558 3959 630 4028 τοῖς
643 3944 774 4031 ὁμοίοις
788 3941 855 4033 όψδ
866 3946 974 4033 μόγις.
1007 3943 1025 4014 ό
1038 3953 1116 4034 γοῦν

72 4053 228 4130 Μῶμος,
249 4048 402 4147 ἀκήκοας,
427 4048 534 4137 οἶμαι,
559 4046 656 4120 άτινα
672 4046 834 4140 ᾐτιάσατο
851 4055 910 4119 τοῦ
924 4045 1114 4140 Ἡφαίστου,

145 4150 239 4196 luviani
253 4152 293 4197 υυί.
304 4152 321 4197 ί.
499 4150 504 4156 ”
911 4152 945 4208 19
