2722 4646
933 38 954 85 1

423 194 459 253 V.
478 195 613 252 ΤΙΜΩΝ
628 196 751 254 51-65.
1060 186 1110 252 49

66 304 124 379 καλ
145 262 262 393 γελοῖα
283 299 429 388 πάμπαν
449 297 491 371 ἀν
511 301 668 387 πάθοιμι»
681 301 741 370 δύο
758 302 818 388 μῦν
834 303 1105 390 Λακεδαιμονίων

67 409 177 498 μόρας
193 404 392 493 κατακόψας
407 401 622 485 ἀτοπίαςῦν
645 406 681 473 δὲ
701 404 823 493 μιαρὸν
843 402 1040 493 ἀνθρώπιον
1059 405 1106 498 μή

68 612 137 696 πὺξ
152 615 212 680 καὶ
229 610 349 699 πάλην.
385 608 468 678 ἀλλά
485 617 520 678 τί
535 617 652 693 νεάτας
671 607 707 678 οῦ
724 614 910 700 Θρασυκλῆς
928 609 946 679 ό
965 614 1107 702 φιλόαο-
1123 634 1168 710 54,

70 742 134 809 φος
153 705 257 794 οῦτός
275 713 379 797 &mm
402 710 439 781 ού
457 715 516 798 μὲν
533 705 593 781 σάν
610 711 723 794 ἀλλος·
753 713 937 794 ἐκπετάσας
952 722 1032 802 γοῦν
1048 713 1110 785 τὸν

70 819 219 907 πώγωνα
244 819 300 888 καὶ
325 815 385 897 τὰς
412 813 518 906 ὀφρῦς
540 812 711 896 ἀνατείνας
730 820 785 884 καὶ
806 818 1051 904 βρενθυόμενός
1071 846 1108 888 τι

14 936 16 959 *
70 920 157 1012 πρὸς
176 917 279 989 αῦτδν
295 919 437 1006 ἔρχεται,
460 921 637 1000 τιτανῶδες
657 922 800 1007 βλίττειν,
825 917 1108 1008 ἀνασεσοβημένος

14 1062 16 1107 η
70 1023 126 1114 τήν
153 1022 215 1091 ἐπὶ
240 1028 288 1109 τῷ
314 1021 461 1109 μετώπῳ
483 1022 595 1109 κόμην,
621 1020 833 1111 Αὐτοβορέας
853 1020 947 1112 τιςή
972 1030 1105 1111 Τρίτων,

72 1128 164 1206 οἵους
181 1120 203 1193 ό
219 1127 335 1207 Ζεῦξις
353 1124 506 1212 ἔγραψεν.
543 1116 639 1207 οὗτος
657 1123 675 1193 ό
693 1124 732 1193 τὸ
751 1130 861 1213 σχῆμα
876 1124 1035 1215 εάοταλής
1050 1131 1107 1195 καλ
1192 1196 1196 1201 ,

71 1230 211 1314 κόσμιος
228 1225 266 1295 τὸ
284 1227 433 1312 βάδισμα
450 1230 506 1294 καὶ
524 1227 731 1315 σωφρονικὸς
747 1227 804 1316 τήν
822 1226 984 1317 ἀναβολήν
999 1230 1106 1297 ἕωθεν

71 1336 175 1421 μυρία
193 1325 259 1399 ὅσα
274 1332 355 1415 περὶ
373 1326 490 1419 ἀρετῆς
508 1329 638 1411 διεξιὼν
654 1333 710 1397 καλ
727 1338 792 1397 τιῦν
808 1328 909 1420 ήόονῇ
926 1334 1107 1420 χαιρόντων

72 1438 261 1521 κατηγοροῦν
278 1430 389 1500 καὶτὸ
409 1427 576 1520 ὀλιγαρκὲς
595 1431 747 1516 ἐπαινοῦν,
772 1432 886 1522 ἐπειδή
905 1436 1107 1519 λουσόμενος

73 1533 230 1624 ἀφίκοιτο
254 1533 312 1604 δπλ
332 1532 371 1603 τὸ
396 1536 530 1603 δεῖπνον
547 1537 603 1602 καί
620 1532 638 1602 ό
657 1549 741 1615 παῖς
757 1536 902 1624 μεγάλην
917 1535 974 1625 τήν
991 1538 1112 1605 κύλικα

72 1635 216 1725 ὀρέξειεν
234 1634 324 1725 αύτῷ
337 1677 380 1689 --
392 1644 440 1725 τηῦ
460 1639 628 1725 ζωροτέρῳ
648 1639 684 1704 δὲ
699 1644 809 1724 χαίρει
825 1641 972 1723 μάλιστα
988 1679 1031 1691 --
1048 1665 1108 1707 κα-

70 1741 190 1825 θάπερ
207 1737 246 1806 τὸ
259 1740 381 1828 Λήθης
397 1736 487 1830 ύδωρ
505 1737 628 1808 ἐκπιὼν
647 1739 866 1808 ἐναντιώτατα
885 1739 1108 1812 ἐπιδείκνυται

69 1856 143 1922 τοῖς
162 1841 321 1922 ἑωθινοῖς
338 1842 472 1923 ἐκείνοις
489 1842 601 1930 λόγοις
618 1844 843 1929 προαρπάζων
858 1839 972 1931 ὥσπερ
988 1845 1109 1924 ἰκτῖνος

69 1944 117 2014 τὰ
139 1940 211 2031 όφα
233 1944 368 2014 καὶτὸν
389 1947 531 2033 πλησίον
548 1946 886 2034 παραγκωνιζόμενος,
910 1946 1051 2034 καρύκης
1067 1944 1106 2013 τὸ

14 2094 15 2115 1
70 2053 196 2136 γένειον
224 2044 410 2128 ἀνάπλεως,
438 2048 574 2137 κυνηδὸν
602 2048 860 2138 ἐμφορούμενος,
889 2046 1106 2135 ἐπικεκυφὼς,

14 2158 16 2179 ²
71 2150 232 2238 καθάπερ
252 2149 285 2218 ἐν
301 2164 376 2230 ταῖς
392 2152 519 2219 λοπάσι
535 2150 593 2240 τήν
611 2149 728 2240 ἀρετήν
741 2148 888 2240 εὑρήσειν
900 2152 1106 2241 προσδοκῶν,

72 2250 220 2344 ἀκριβῶς
235 2251 278 2323 τά
295 2256 434 2344 τρύβλια
450 2262 498 2344 τῷ
515 2258 636 2345 λιχανῷ
651 2253 862 2344 ἀποσμήχων,
883 2251 928 2335 ὥς
940 2257 1024 2343 μηδὲ
1038 2252 1109 2322 ἀλί-

71 2382 130 2446 γον
147 2363 210 2425 τοῦ
228 2364 400 2440 μυττωτοῦ
416 2361 606 2427 καταλίποι.
641 2365 869 2444 μεμψίμοιρος
887 2355 953 2439 ἀεὶ,
971 2346 1033 2426 ’κάν
1050 2356 1107 2425 τόν
1125 2376 1158 2426 55

71 2463 264 2529 πλακοῦντα
285 2455 362 2528 όλον
383 2457 405 2549 ἢ
425 2459 483 2529 τὸν
506 2466 564 2529 σῦν
585 2461 687 2545 μόνος
703 2466 769 2528 τῶν
788 2458 895 2527 ἀλλων
913 2461 1011 2548 λάβῃ,
1036 2454 1108 2527 ότι

71 2588 137 2651 περ
156 2564 299 2644 λιχνείας
315 2565 371 2630 καλ
389 2560 574 2651 ἀπληστίας
593 2560 726 2651 όφελος,
747 2568 896 2646 μέθυσος
913 2565 969 2628 καὶ
986 2561 1109 2646 πάροι-

72 2690 143 2746 νος,
164 2661 224 2733 οῦκ
242 2660 318 2754 ἀχρι
336 2663 423 2755 ᾠδῆς
440 2669 496 2734 καὶ
510 2663 689 2754 ὀρχηστύος
701 2665 811 2750 μόνον,
831 2661 915 2730 ἀλλὰ
928 2667 984 2730 καὶ
997 2664 1111 2730 λοιδο-

73 2773 149 2854 ρίας
166 2769 225 2835 καὶ
242 2763 351 2857 ἀργῆς.
380 2774 521 2857 προσέτι
537 2772 594 2836 καὶ
611 2768 704 2858 λόγοι
722 2762 918 2834 πολλοὶάπλ
935 2772 975 2855 τῇ
992 2767 1106 2849 κύλικι,

71 2869 149 2941 τότε
169 2867 209 2958 δή
227 2872 283 2936 καλ
299 2871 457 2955 μάλιστα,
477 2874 556 2961 περὶ
574 2870 790 2961 σωφροσύνης
806 2873 862 2937 καὶ
877 2870 1109 2958 κοσμιότητος·

71 2976 129 3040 καλ
146 2973 253 3040 ταῦτά
272 2998 372 3062 φησιν
390 2969 452 3062 ήδη
470 2971 538 3041 ῦπὸ
556 2981 616 3042 τοῦ
635 2971 778 3062 ἀκράτου
794 2973 947 3061 πονήρως
960 2972 1040 3056 ἔχων
1052 2974 1110 3040 καλ
1237 3005 1240 3009 ’

72 3071 325 3164 ἀποτραυλίζων
341 3079 493 3163 γελοίως·
521 3073 592 3144 εἶτα
615 3076 729 3162 ἔμετος
751 3075 808 3143 ἐπὶ
829 3076 977 3156 τούτοις·
996 3075 1108 3144 καὶτὸ

71 3180 263 3249 τελευταῖον
285 3176 444 3268 ἀράμενοί
463 3205 549 3260 τινες
567 3178 760 3268 ἐκφέρουσιν
778 3175 878 3245 αὐτὸν
896 3177 931 3244 ἐκ
947 3185 1007 3246 τοῦ
1026 3204 1109 3263 συμ-

72 3285 200 3351 ποσίου
218 3286 278 3367 τῆς
295 3270 490 3370 αύλητρίδος
512 3279 718 3371 ἀμφοτέραις
740 3279 986 3368 ἀπειλημμένον.
1022 3279 1109 3367 πλὴν

73 3380 161 3451 ἀλλὰ
178 3385 234 3449 καί
251 3382 364 3472 νήφων
382 3381 490 3452 ούδενὶ
506 3391 573 3452 τῶν
590 3389 763 3474 πρωτείων
780 3383 1051 3471 παραχωρήσειεν
1068 3376 1110 3448 ἀν

70 3486 271 3574 ψεύσματος
288 3485 379 3556 ἕνεκα
396 3484 418 3574 ἢ
435 3488 647 3576 θρασύτητος
662 3483 683 3576 ἢ
701 3488 934 3577 φιλαργυρίας·
953 3480 1036 3550 ἀλλὰ
1053 3485 1109 3550 καί

70 3589 223 3656 κολάκων
246 3586 316 3656 ἐστὶ
337 3587 380 3656 τὰ
398 3593 589 3678 πρῶτακαλ
607 3589 757 3678 ἐπιορκεῖ
772 3587 1031 3674 προχειρότατα,
1050 3587 1112 3652 καί

14 3702 16 3709 ’
70 3688 90 3780 ᾖ
109 3696 249 3779 γοητεία
265 3705 461 3780 προηγεῖται
477 3694 533 3759 καλ
551 3688 569 3781 ή
589 3689 800 3775 ἀναισχυντία
813 3699 1034 3779 παρομαρτεῖ,
1052 3690 1109 3754 καλ

71 3789 163 3875 ὅλως
185 3792 361 3884 πάνσοφόν
384 3821 420 3862 τι
444 3801 553 3884 χρῆμα
578 3797 634 3862 καὶ
659 3793 870 3876 πανταχόθεν
896 3789 1029 3878 ἀκριβὲς
1052 3793 1110 3858 καὶ

70 3900 238 3976 ποικίλως
264 3895 397 3978 ἐντελές.
434 3897 612 3982 οἰμώξεται
637 3903 812 3993 τοιγαροῦν
838 3892 897 3963 οῦκ
923 3894 957 3974 ἐς
980 3891 1118 3983 μακράν

67 3996 217 4091 χρηστὸς
236 3996 291 4067 ἀν.
326 4005 362 4067 τί
376 4007 492 4086 τοῦτος
515 4013 643 4083 παπαῖ,
665 4001 798 4091 χρόνιος
813 3996 891 4090 ήμῖν
909 4002 1106 4087 θρασυκλής.

126 4103 226 4147 Luciam·
240 4102 282 4147 τοί.
291 4099 308 4144 1.
918 4101 937 4157 4
