2740 4648
400 240 466 296 xx.
487 237 749 296 τυαοτταοτ
772 240 891 298 13-16.
1098 230 1161 299 287

6 370 7 435 }
122 343 315 426 πιστεύσας
330 340 370 413 τὸ
388 351 530 432 πρῶτον,
551 341 655 417 δπότε
671 341 742 436 Ιἧέις
759 347 1008 438 φιλοσοφήσων,
1028 351 1161 419 πολλῶν

6 496 7 499 =
129 473 187 521 σοι
204 454 319 538 θυρῶν
337 444 630 532 ἀναπεπταμένων,
658 451 777 539 παρείς
795 448 834 518 σδ
853 448 913 531 τας
935 448 1037 534 ἀλλος
1053 451 1088 534 ές
1104 450 1162 542 τὴν

127 558 197 622 τῶν
214 557 368 620 Στωϊκῶν
385 540 460 639 ἧκες
480 554 536 618 καλ
558 547 600 618 δι’
616 549 737 641 ἐκείνης
758 550 870 640 ἠξίους
886 552 945 622 έπλ
965 551 1024 643 τὴν
1046 552 1162 646 ἀρετὴν

5 718 6 721 ,
129 653 283 736 ελσιέναι,
310 650 357 734 ῶς
379 653 419 744 δὴ
443 655 545 743 μόνης
567 651 717 742 ἀληθοῦς
739 651 839 745 ούσης
865 659 920 723 καλ
941 654 999 745 τὴν
1026 655 1162 726 εὐθεῖαν

129 755 413 844 λπιδεικνυοόσης,
436 764 502 825 τῶν
520 754 552 824 δ’
568 753 676 825 ἀλλων
693 757 727 838 ές
743 756 854 848 τνφλά
869 761 926 826 καλ
944 756 1084 842 ἀνέξοδα
1102 785 1163 850 φε-

127 866 276 949 ρουσῶνς
303 864 368 927 τίνι
384 857 474 928 ταῦτ’
490 859 679 949 ἐτεκμαίρου
697 861 791 946 τότες
815 865 872 928 καὶ
889 862 934 951 μή
956 888 1016 948 μοι
1032 861 1090 930 τόν
1107 869 1163 931 νῦν

130 962 171 1053 δὴ
189 969 306 1031 τοῦτον
325 961 462 1031 σεαυτὸν
480 962 595 1046 ἐννόει,
624 962 682 1031 τόν
698 963 765 1033 ε’ίτε
783 960 950 1054 ἡμίσοφον
972 965 1038 1033 εἴτε
1056 963 1163 1054 σοφὸν

129 1063 193 1155 ἤδη
219 1062 262 1133 τὰ
286 1066 407 1151 βελτίω
429 1070 548 1155 κρίνειν
569 1063 655 1154 ἀπέρ
677 1064 756 1148 τοὺς
780 1066 926 1148 πολλούς
951 1065 1039 1157 ἡμᾶς
1066 1068 1164 1137 δυνό-

130 1194 236 1256 μενον,
262 1164 331 1236 ἀλλ’
347 1163 453 1248 οάτως
470 1165 662 1258 ἀπόκριναι,
687 1166 806 1250 ὁποῖος
822 1170 899 1239 τότε
916 1161 1011 1260 ἦσθα
1029 1171 1164 1259 ἰδιώτης

129 1268 288 1357 καὶκατὰ
304 1268 362 1340 τόν
377 1277 434 1338 νῦν
452 1270 519 1356 ἐμέ.
616 1329 628 1341 .

183 1390 269 1446 EPM.
307 1371 350 1443 θύ
369 1379 502 1462 συνίημι
520 1369 541 1442 ό
556 1379 591 1441 τί
608 1399 663 1443 σοι
679 1380 776 1443 τοῦτο
793 1375 962 1462 βούλεται,
988 1367 1016 1443 ὦ
1032 1387 1163 1447 Λυκῖνε.

183 1492 267 1548 ΛΥΚ.
307 1479 374 1544 Καὶ
389 1474 452 1564 μὴν
471 1473 509 1544 οά
528 1477 616 1545 πάνυ
635 1474 773 1564 ἀγκύλον
790 1476 929 1569 ἠρόμην·
952 1481 1085 1549 πολλῶν
1101 1477 1164 1569 γὰρ

112 1638 113 1645 ,
132 1576 236 1650 όντων
254 1580 465 1669 φιλοσόφων,
494 1577 566 1648 οίον
583 1580 760 1660 Πλάτωνος
781 1585 837 1648 καὶ
849 1570 1092 1671 Ἀριστοτέλους
1108 1585 1165 1650 καλ

128 1680 356 1763 Ἀντισθένους
368 1685 423 1749 καλ
435 1688 502 1750 τῶν
514 1678 679 1769 δμετέρων
692 1685 872 1771 προγόνων,
891 1691 951 1751 τοῦ
960 1692 1164 1772 Χρυσίππου

131 1789 188 1853 καὶ
205 1786 355 1875 Ζήνωνος
372 1787 511 1851 καὶτῶν
528 1780 644 1863 ἀλλων,
665 1779 741 1852 ὅσοι
759 1785 838 1866 εἰσὶ,
857 1792 904 1873 τῷ
924 1785 963 1853 σὺ
981 1788 1166 1869 πιστεύσας

131 1888 210 1969 τοὺς
226 1884 418 1975 μένάλλους
430 1888 555 1968 ε’ίασας,
576 1886 612 1968 ἒξ
624 1884 780 1956 ἀπόντων
794 1888 831 1955 δέ
843 1888 1064 1977 προελόμενος
1078 1885 1164 1980 ἀπερ

132 1992 336 2080 προῄρησαι,
366 1988 473 2071 ἀξιοῖς
494 1988 577 2056 κατὰ
599 1997 703 2057 ταῦτα
725 1992 940 2079 φιλοσοφεῖν,·
967 1982 1032 2079 ἀρα
1049 1994 1105 2059 καί
1127 1993 1166 2060 σδ

133 2089 249 2181 ῶσπερ
277 2091 335 2161 τόν
360 2098 583 2180 Χαιρεφῶντα
614 2089 632 2160 ό
663 2093 795 2172 Πύθιος
821 2092 1006 2179 ἐξέπεμψεν
1038 2091 1097 2161 ἐπὶ
1123 2092 1166 2163 τά

132 2202 289 2266 Στωϊκῶν
303 2192 458 2283 ἀρίστους
468 2195 504 2277 ἐξ
516 2192 892 2285 ἀπάντωνπροσειπῶνς
911 2194 993 2277 ἔθος
1005 2194 1066 2284 γαρ
1076 2193 1166 2284 αύτῷ

134 2295 235 2370 ἀλλον
253 2296 304 2366 ἀπ’
317 2294 397 2365 ἀλλο
416 2295 505 2378 εἶδος
522 2300 727 2387 φιλοσοφίας
744 2304 945 2390 προτρέπειν
957 2297 1024 2388 τὴν
1042 2297 1167 2389 ἁρμότ-

132 2427 265 2484 τουσαν,
285 2396 389 2486 οἶμαι,
409 2399 537 2488 ἑκάστῳ
555 2401 669 2470 εἰδότι.

5 2494 7 2499 ,
186 2519 272 2575 EPM.
303 2501 381 2574 Ἀλλ’
391 2500 485 2571 οὐδέν
497 2509 656 2585 τοιοῦτον,
676 2494 842 2584 ῶΛνκῖνε,
864 2501 940 2572 οὐδὲ
952 2500 1079 2593 ἠρόμην
1088 2509 1168 2593 περί

134 2632 172 2696 γε
189 2607 314 2675 τούτων
331 2605 389 2674 τὸν
406 2605 500 2674 θεόν.

104 2792 114 2800 ἢ
188 2726 271 2781 ΛΥΚ.
309 2711 454 2799 Πότερον
473 2705 533 2778 οάκ
550 2705 643 2791 ἀξιον
659 2715 760 2788 θείας
773 2710 976 2794 συμβουλίας
989 2705 1168 2796 ἡγούμενος

136 2809 217 2881 αύτδ
235 2811 257 2902 ἢ
276 2812 385 2894 ἱκανὸς
403 2809 471 2902 ᾤου
488 2808 591 2893 αὐτὸς
611 2808 697 2881 εἶναι
718 2810 857 2880 ἑλέσθαι
874 2809 913 2879 τὸ
934 2815 1064 2898 βέλτιον
1084 2810 1168 2879 κατὰ

136 2913 276 2984 σεαυτὸν
294 2912 370 2984 ἀνευ
388 2922 448 2985 τοῦ
465 2922 551 2984 θεοῦ
555 2946 567 3001 ,·

187 3033 275 3091 EPM.
307 3017 410 3107 ’ᾯμην
426 3018 499 3109 γάρ.

63 3144 67 3151 “
188 3136 273 3190 ΛΥΚ
314 3118 434 3188 Οάκοῦν
455 3125 508 3188 καὶ
531 3118 619 3211 ἡμᾶς
644 3122 815 3203 διδάσκοις
837 3118 877 3189 ἀν
898 3128 997 3201 τοῦτο
1023 3126 1166 3207 πρῶτον,
1188 3143 1220 3192 16

136 3218 233 3301 ὅπως
251 3222 468 3309 διαγνωστέον
484 3220 562 3311 ἡμῖν
580 3221 682 3304 εὐθὺς
700 3224 733 3292 έν
755 3222 837 3314 ἀρχῇ
858 3229 910 3304 τίς
931 3221 951 3312 ἡ
975 3221 1092 3312 ἀρίστη
1111 3249 1170 3313 φι-

136 3329 284 3414 λοσοφία
305 3323 377 3392 έστλ
397 3326 453 3391 καλ
468 3322 498 3413 ἡ
525 3321 751 3412 ἀληθεύουσα,
778 3329 835 3393 καλ
859 3324 898 3413 ἣν
919 3323 959 3392 ἀν
983 3350 1035 3404 τις
1062 3324 1169 3392 ἕλοιτο

135 3430 258 3518 παρεὶς
273 3424 335 3506 τὰς
352 3424 463 3507 ἀλλοις.
1005 3484 1007 3489 ,

189 3547 276 3604 ΕΡΜ.
308 3527 389 3619 Ἐγῶ
407 3553 464 3598 σοι
481 3529 618 3620 φράσω·
637 3527 748 3617 όῶρων
764 3528 844 3611 τοδς
856 3531 1033 3610 πλείστους
1047 3526 1098 3598 ἐπ’
1111 3526 1171 3598 οὗ.

135 3632 196 3725 τὴν
213 3632 392 3722 ὁρμῶντας,
413 3629 499 3701 δι’στε
515 3629 634 3724 ᾔκαζον
651 3630 774 3718 ἀμείνω
793 3626 877 3702 εἶναι
894 3630 1006 3722 αάτήν.

190 3754 274 3810 ΛΥΚ.
312 3738 414 3826 Πόσῳ
432 3739 497 3806 τινλ
514 3739 650 3818 πλείους
666 3742 732 3804 τῶν
746 3733 976 3823 Ἐπικουρείων
994 3732 1015 3826 ἢ
1033 3739 1172 3805 Πλατω-

137 3846 236 3911 νικῶν
253 3838 275 3930 ἢ
292 3847 581 3932 Περιπατητικῶνς
605 3830 798 3930 ἠρίθμησας
817 3840 880 3932 γὰρ
903 3837 1024 3919 αύτούς
1046 3834 1171 3928 δηλαδὴ

138 3943 297 4034 καθάπερ
315 3944 349 4014 δν
364 3957 440 4026 ταῖς
455 3950 680 4033 χειροτονίαις.

192 4059 279 4117 EPM.
310 4044 389 4118 Ἀλλ’
406 4046 464 4117 οὐκ
479 4044 653 4138 ἠρίθμησα
671 4046 784 4136 ἔγωγε,
802 4043 920 4138 ᾔκαζον
939 4049 985 4116 δέ.
