<?xml version="1.0" encoding="UTF-8"?>
<!DOCTYPE html PUBLIC "-//W3C//DTD XHTML 1.0 Transitional//EN"
    "http://www.w3.org/TR/xhtml1/DTD/xhtml1-transitional.dtd">
<html xmlns="http://www.w3.org/1999/xhtml" xml:lang="en" lang="en">
 <head>
  <title>
</title>
<meta http-equiv="Content-Type" content="text/html;charset=utf-8" />
  <meta name='ocr-system' content='tesseract 3.04.00' />
  <meta name='ocr-capabilities' content='ocr_page ocr_carea ocr_par ocr_line ocrx_word'/>
</head>
<body>
  <div class='ocr_page' id='page_1' title='image "./lucianisamosate04dindgoog_0147.png"; bbox 0 0 2724 4634; ppageno 0'>
   <div class='ocr_carea' id='block_1_1' title="bbox 480 215 855 273">
    <p class='ocr_par' dir='ltr' id='par_1_1' title="bbox 480 215 855 273">
     <span class='ocr_line' id='line_1_1' title="bbox 480 215 855 273; baseline -0.008 1"><span class='ocrx_word' id='word_1_1' title='bbox 480 220 483 227; x_wconf 85' lang='lat'>&#39;</span> <span class='ocrx_word' id='word_1_2' title='bbox 600 215 855 273; x_wconf 83' lang='grc' dir='ltr'>ΛΟΥΚΙΑΝΟΥ</span> 
     </span>
    </p>
   </div>
   <div class='ocr_carea' id='block_1_2' title="bbox 344 410 1048 597">
    <p class='ocr_par' dir='ltr' id='par_1_2' title="bbox 344 410 1048 597">
     <span class='ocr_line' id='line_1_2' title="bbox 723 410 748 463; baseline 0.04 -1"><span class='ocrx_word' id='word_1_3' title='bbox 723 410 748 463; x_wconf 87' lang='grc'><strong><em>6.</em></strong></span> 
     </span>
     <span class='ocr_line' id='line_1_3' title="bbox 344 508 1048 597; baseline -0.01 -27"><span class='ocrx_word' id='word_1_4' title='bbox 344 514 346 519; x_wconf 75' lang='grc'>’</span> <span class='ocrx_word' id='word_1_5' title='bbox 412 508 658 597; x_wconf 69' lang='grc' dir='ltr'><strong>ΤΕΡΨΙΩΝΟΣ</strong></span> <span class='ocrx_word' id='word_1_6' title='bbox 680 510 753 565; x_wconf 90' lang='grc' dir='ltr'><strong><em>ΚΑΙ</em></strong></span> <span class='ocrx_word' id='word_1_7' title='bbox 773 509 1048 593; x_wconf 79' lang='grc' dir='ltr'>ΠΛΟΥΤΩΝΟΣ.</span> 
     </span>
    </p>
   </div>
   <div class='ocr_carea' id='block_1_3' title="bbox 188 623 1259 4098">
    <p class='ocr_par' dir='ltr' id='par_1_3' title="bbox 188 623 1259 930">
     <span class='ocr_line' id='line_1_4' title="bbox 188 623 1258 716; baseline -0.01 -5"><span class='ocrx_word' id='word_1_8' title='bbox 188 658 204 710; x_wconf 87' lang='grc'>1</span> <span class='ocrx_word' id='word_1_9' title='bbox 272 651 377 709; x_wconf 67' lang='lat' dir='ltr'><strong><em>Tm</em></strong></span> <span class='ocrx_word' id='word_1_10' title='bbox 407 640 523 715; x_wconf 89' lang='grc' dir='ltr'><strong><em>Τοῦτο,</em></strong></span> <span class='ocrx_word' id='word_1_11' title='bbox 549 623 760 713; x_wconf 80' lang='grc' dir='ltr'><strong><em>ιάΠλσότων,</em></strong></span> <span class='ocrx_word' id='word_1_12' title='bbox 784 631 919 712; x_wconf 87' lang='grc' dir='ltr'><strong><em>δίκαιον,</em></strong></span> <span class='ocrx_word' id='word_1_13' title='bbox 940 630 996 715; x_wconf 74' lang='grc' dir='ltr'><strong><em>ἐμὲ</em></strong></span> <span class='ocrx_word' id='word_1_14' title='bbox 1012 631 1071 716; x_wconf 76' lang='grc' dir='ltr'><strong><em>μὲν</em></strong></span> <span class='ocrx_word' id='word_1_15' title='bbox 1088 629 1258 700; x_wconf 78' lang='grc' dir='ltr'><strong><em>τεθνάναι</em></strong></span> 
     </span>
     <span class='ocr_line' id='line_1_5' title="bbox 221 729 1259 830; baseline -0.007 -23"><span class='ocrx_word' id='word_1_16' title='bbox 221 738 396 830; x_wconf 89' lang='grc' dir='ltr'><strong><em>τριάκοντα</em></strong></span> <span class='ocrx_word' id='word_1_17' title='bbox 414 735 468 824; x_wconf 70' lang='grc' dir='ltr'><strong><em>ἀτη</em></strong></span> <span class='ocrx_word' id='word_1_18' title='bbox 486 734 655 823; x_wconf 78' lang='grc' dir='ltr'><strong><em>γεγονότα,</em></strong></span> <span class='ocrx_word' id='word_1_19' title='bbox 682 732 740 802; x_wconf 90' lang='grc' dir='ltr'><strong><em>τὸν</em></strong></span> <span class='ocrx_word' id='word_1_20' title='bbox 762 734 798 800; x_wconf 77' lang='grc' dir='ltr'><strong><em>δὲ</em></strong></span> <span class='ocrx_word' id='word_1_21' title='bbox 819 729 902 820; x_wconf 76' lang='grc' dir='ltr'><strong><em>ὑπὲρ</em></strong></span> <span class='ocrx_word' id='word_1_22' title='bbox 924 730 966 798; x_wconf 85' lang='grc' dir='ltr'><strong><em>τὰ</em></strong></span> <span class='ocrx_word' id='word_1_23' title='bbox 989 731 1174 821; x_wconf 75' lang='grc' dir='ltr'><strong><em>ἐνενήκοντα</em></strong></span> <span class='ocrx_word' id='word_1_24' title='bbox 1195 738 1259 822; x_wconf 82' lang='grc' dir='ltr'><strong><em>γέ-</em></strong></span> 
     </span>
     <span class='ocr_line' id='line_1_6' title="bbox 223 835 673 930; baseline -0.016 -21"><span class='ocrx_word' id='word_1_25' title='bbox 223 865 322 930; x_wconf 88' lang='grc' dir='ltr'><strong><em>ροντα</em></strong></span> <span class='ocrx_word' id='word_1_26' title='bbox 341 838 515 927; x_wconf 83' lang='grc' dir='ltr'><strong><em>θοόκριτον</em></strong></span> <span class='ocrx_word' id='word_1_27' title='bbox 533 837 588 921; x_wconf 87' lang='grc' dir='ltr'><strong><em>ζῆν</em></strong></span> <span class='ocrx_word' id='word_1_28' title='bbox 607 835 673 919; x_wconf 69' lang='grc' dir='ltr'><strong><em>ἕεις</em></strong></span> 
     </span>
    </p>

    <p class='ocr_par' dir='ltr' id='par_1_4' title="bbox 221 927 1257 1337">
     <span class='ocr_line' id='line_1_7' title="bbox 273 927 1256 1027; baseline -0.003 -20"><span class='ocrx_word' id='word_1_29' title='bbox 273 948 410 1007; x_wconf 86' lang='grc' dir='ltr'><strong>ΠΛΟΥΤ.</strong></span> <span class='ocrx_word' id='word_1_30' title='bbox 452 939 672 1008; x_wconf 82' lang='grc' dir='ltr'><strong><em>Δικαιότατον</em></strong></span> <span class='ocrx_word' id='word_1_31' title='bbox 698 938 758 1023; x_wconf 78' lang='grc' dir='ltr'><strong><em>μὲν</em></strong></span> <span class='ocrx_word' id='word_1_32' title='bbox 781 928 850 1021; x_wconf 76' lang='grc' dir='ltr'><strong><em>οὖν,</em></strong></span> <span class='ocrx_word' id='word_1_33' title='bbox 879 927 907 1005; x_wconf 83' lang='grc' dir='ltr'><em>ὦ</em></span> <span class='ocrx_word' id='word_1_34' title='bbox 931 944 1090 1027; x_wconf 78' lang='grc' dir='ltr'><strong><em>Τερψίων,</em></strong></span> <span class='ocrx_word' id='word_1_35' title='bbox 1118 937 1153 1007; x_wconf 76' lang='grc' dir='ltr'><strong><em>εἴ</em></strong></span> <span class='ocrx_word' id='word_1_36' title='bbox 1169 961 1208 1023; x_wconf 86' lang='grc' dir='ltr'><strong><em>γε</em></strong></span> <span class='ocrx_word' id='word_1_37' title='bbox 1232 933 1256 1004; x_wconf 82' lang='grc' dir='ltr'><strong><em>ὅ</em></strong></span> 
     </span>
     <span class='ocr_line' id='line_1_8' title="bbox 221 1036 1256 1133; baseline -0.005 -21"><span class='ocrx_word' id='word_1_38' title='bbox 221 1045 280 1132; x_wconf 76' lang='grc' dir='ltr'><strong><em>μὲν</em></strong></span> <span class='ocrx_word' id='word_1_39' title='bbox 307 1044 343 1133; x_wconf 71' lang='grc' dir='ltr'><strong><em>ζῆ</em></strong></span> <span class='ocrx_word' id='word_1_40' title='bbox 369 1042 492 1130; x_wconf 81' lang='grc' dir='ltr'><strong><em>μηδένα</em></strong></span> <span class='ocrx_word' id='word_1_41' title='bbox 515 1038 686 1125; x_wconf 78' lang='grc' dir='ltr'><strong><em>εὐχόμενος</em></strong></span> <span class='ocrx_word' id='word_1_42' title='bbox 709 1036 895 1108; x_wconf 76' lang='grc' dir='ltr'><strong><em>ἀποθανεῖν</em></strong></span> <span class='ocrx_word' id='word_1_43' title='bbox 916 1047 983 1107; x_wconf 80' lang='grc' dir='ltr'><strong><em>τῶν</em></strong></span> <span class='ocrx_word' id='word_1_44' title='bbox 1006 1042 1120 1129; x_wconf 89' lang='grc' dir='ltr'><strong><em>φίλων,</em></strong></span> <span class='ocrx_word' id='word_1_45' title='bbox 1149 1037 1189 1107; x_wconf 85' lang='grc' dir='ltr'><strong><em>σὺ</em></strong></span> <span class='ocrx_word' id='word_1_46' title='bbox 1206 1039 1256 1121; x_wconf 50' lang='grc' dir='ltr'><strong><em>,δὲ</em></strong></span> 
     </span>
     <span class='ocr_line' id='line_1_9' title="bbox 222 1140 1257 1236; baseline -0.005 -22"><span class='ocrx_word' id='word_1_47' title='bbox 222 1145 315 1236; x_wconf 82' lang='grc' dir='ltr'><strong><em>παρὰ</em></strong></span> <span class='ocrx_word' id='word_1_48' title='bbox 345 1145 455 1213; x_wconf 90' lang='grc' dir='ltr'><strong><em>πάντα</em></strong></span> <span class='ocrx_word' id='word_1_49' title='bbox 485 1142 542 1211; x_wconf 85' lang='grc' dir='ltr'><strong><em>τὸν</em></strong></span> <span class='ocrx_word' id='word_1_50' title='bbox 566 1143 682 1232; x_wconf 89' lang='grc' dir='ltr'><strong><em>χρόνον</em></strong></span> <span class='ocrx_word' id='word_1_51' title='bbox 708 1141 922 1229; x_wconf 74' lang='grc' dir='ltr'><strong><em>ἐπεβούλευες</em></strong></span> <span class='ocrx_word' id='word_1_52' title='bbox 948 1140 1036 1230; x_wconf 71' lang='grc' dir='ltr'><strong><em>αὐτῷ</em></strong></span> <span class='ocrx_word' id='word_1_53' title='bbox 1065 1145 1257 1232; x_wconf 80' lang='grc' dir='ltr'><strong><em>περιμένων</em></strong></span> 
     </span>
     <span class='ocr_line' id='line_1_10' title="bbox 221 1247 1200 1337; baseline 0.009 -21"><span class='ocrx_word' id='word_1_54' title='bbox 221 1247 279 1317; x_wconf 85' lang='grc' dir='ltr'><strong><em>τὸν</em></strong></span> <span class='ocrx_word' id='word_1_55' title='bbox 295 1250 422 1337; x_wconf 88' lang='grc' dir='ltr'><strong><em>κλῆρον.</em></strong></span> <span class='ocrx_word' id='word_1_56' title='bbox 1194 1320 1200 1325; x_wconf 86' lang='grc'>.</span> 
     </span>
    </p>

    <p class='ocr_par' dir='ltr' id='par_1_5' title="bbox 223 1344 1256 1641">
     <span class='ocr_line' id='line_1_11' title="bbox 273 1344 1255 1438; baseline 0.001 -26"><span class='ocrx_word' id='word_1_57' title='bbox 273 1357 380 1415; x_wconf 61' lang='lat' dir='ltr'><strong><em>Tm.</em></strong></span> <span class='ocrx_word' id='word_1_58' title='bbox 421 1344 463 1416; x_wconf 80' lang='grc' dir='ltr'><strong><em>Ου’</em></strong></span> <span class='ocrx_word' id='word_1_59' title='bbox 484 1346 547 1436; x_wconf 84' lang='grc' dir='ltr'><strong><em>γὰρ</em></strong></span> <span class='ocrx_word' id='word_1_60' title='bbox 570 1346 662 1436; x_wconf 79' lang='grc' dir='ltr'><strong><em>ίχρῆν</em></strong></span> <span class='ocrx_word' id='word_1_61' title='bbox 687 1352 823 1437; x_wconf 82' lang='grc' dir='ltr'><strong><em>γέροντα</em></strong></span> <span class='ocrx_word' id='word_1_62' title='bbox 849 1345 928 1415; x_wconf 84' lang='grc' dir='ltr'><strong><em>ἀντα</em></strong></span> <span class='ocrx_word' id='word_1_63' title='bbox 952 1350 1008 1414; x_wconf 81' lang='grc' dir='ltr'><strong><em>καὶ</em></strong></span> <span class='ocrx_word' id='word_1_64' title='bbox 1032 1351 1147 1438; x_wconf 80' lang='grc' dir='ltr'><strong><em>μηκέτι</em></strong></span> <span class='ocrx_word' id='word_1_65' title='bbox 1169 1346 1255 1434; x_wconf 84' lang='grc' dir='ltr'><strong><em>χρή-</em></strong></span> 
     </span>
     <span class='ocr_line' id='line_1_12' title="bbox 223 1447 1256 1538; baseline -0.005 -18"><span class='ocrx_word' id='word_1_66' title='bbox 223 1457 355 1520; x_wconf 91' lang='grc' dir='ltr'><strong><em>σασθαι</em></strong></span> <span class='ocrx_word' id='word_1_67' title='bbox 374 1458 423 1538; x_wconf 80' lang='grc' dir='ltr'><strong><em>τῷ</em></strong></span> <span class='ocrx_word' id='word_1_68' title='bbox 443 1451 579 1537; x_wconf 81' lang='grc' dir='ltr'><strong><em>πλούτῳ</em></strong></span> <span class='ocrx_word' id='word_1_69' title='bbox 603 1448 702 1518; x_wconf 83' lang='grc' dir='ltr'><strong><em>αὐτὸν</em></strong></span> <span class='ocrx_word' id='word_1_70' title='bbox 720 1450 897 1536; x_wconf 75' lang='grc' dir='ltr'><strong><em>δυνάμενον</em></strong></span> <span class='ocrx_word' id='word_1_71' title='bbox 915 1447 1078 1518; x_wconf 87' lang='grc' dir='ltr'><strong><em>ἀπελθεῖν</em></strong></span> <span class='ocrx_word' id='word_1_72' title='bbox 1094 1455 1155 1518; x_wconf 81' lang='grc' dir='ltr'><strong><em>τοῦ</em></strong></span> <span class='ocrx_word' id='word_1_73' title='bbox 1170 1454 1256 1534; x_wconf 78' lang='grc' dir='ltr'><strong><em>βίου</em></strong></span> 
     </span>
     <span class='ocr_line' id='line_1_13' title="bbox 223 1554 718 1641; baseline -0.006 -19"><span class='ocrx_word' id='word_1_74' title='bbox 223 1554 509 1641; x_wconf 82' lang='grc' dir='ltr'><strong><em>παραχωρήσαντα</em></strong></span> <span class='ocrx_word' id='word_1_75' title='bbox 525 1565 597 1633; x_wconf 89' lang='grc' dir='ltr'><strong><em>τοῖς</em></strong></span> <span class='ocrx_word' id='word_1_76' title='bbox 614 1557 718 1637; x_wconf 81' lang='grc' dir='ltr'><strong><em>νέοις,·</em></strong></span> 
     </span>
    </p>

    <p class='ocr_par' dir='ltr' id='par_1_6' title="bbox 222 1646 1257 1955">
     <span class='ocr_line' id='line_1_14' title="bbox 273 1646 1257 1742; baseline -0.006 -16"><span class='ocrx_word' id='word_1_77' title='bbox 273 1671 411 1728; x_wconf 84' lang='grc' dir='ltr'><strong>ΠΛΟΥΤ.</strong></span> <span class='ocrx_word' id='word_1_78' title='bbox 450 1654 570 1739; x_wconf 84' lang='grc' dir='ltr'><strong><em>Καινὰ,</em></strong></span> <span class='ocrx_word' id='word_1_79' title='bbox 595 1646 622 1722; x_wconf 82' lang='grc' dir='ltr'><strong><em>ἀ</em></strong></span> <span class='ocrx_word' id='word_1_80' title='bbox 643 1660 803 1742; x_wconf 81' lang='grc' dir='ltr'><strong><em>Τερψίων,</em></strong></span> <span class='ocrx_word' id='word_1_81' title='bbox 826 1662 1034 1740; x_wconf 80' lang='grc' dir='ltr'><strong><em>νομοθετεῖς,</em></strong></span> <span class='ocrx_word' id='word_1_82' title='bbox 1056 1651 1115 1724; x_wconf 88' lang='grc' dir='ltr'><strong><em>τὸν</em></strong></span> <span class='ocrx_word' id='word_1_83' title='bbox 1134 1657 1257 1742; x_wconf 74' lang='grc' dir='ltr'><strong><em>μηκέτι</em></strong></span> 
     </span>
     <span class='ocr_line' id='line_1_15' title="bbox 222 1748 1255 1847; baseline -0.001 -21"><span class='ocrx_word' id='word_1_84' title='bbox 222 1763 270 1847; x_wconf 80' lang='grc' dir='ltr'><strong><em>τῷ</em></strong></span> <span class='ocrx_word' id='word_1_85' title='bbox 292 1758 428 1844; x_wconf 80' lang='grc' dir='ltr'><strong><em>πλούτῳ</em></strong></span> <span class='ocrx_word' id='word_1_86' title='bbox 448 1758 642 1846; x_wconf 87' lang='grc' dir='ltr'><strong><em>χρήσασθαι</em></strong></span> <span class='ocrx_word' id='word_1_87' title='bbox 664 1758 840 1842; x_wconf 79' lang='grc' dir='ltr'><strong><em>δυνάμενον</em></strong></span> <span class='ocrx_word' id='word_1_88' title='bbox 861 1756 947 1844; x_wconf 87' lang='grc' dir='ltr'><strong><em>πρὸς</em></strong></span> <span class='ocrx_word' id='word_1_89' title='bbox 963 1755 1079 1847; x_wconf 84' lang='grc' dir='ltr'><strong><em>ῆδονῆν</em></strong></span> <span class='ocrx_word' id='word_1_90' title='bbox 1097 1748 1255 1846; x_wconf 56' lang='grc' dir='ltr'><strong><em>ἀποθνήῖΙ</em></strong></span> 
     </span>
     <span class='ocr_line' id='line_1_16' title="bbox 225 1856 1134 1955; baseline -0.002 -26"><span class='ocrx_word' id='word_1_91' title='bbox 225 1880 327 1955; x_wconf 81' lang='grc' dir='ltr'><strong><em>σκειν·</em></strong></span> <span class='ocrx_word' id='word_1_92' title='bbox 349 1859 387 1926; x_wconf 89' lang='grc' dir='ltr'><strong><em>τὸ</em></strong></span> <span class='ocrx_word' id='word_1_93' title='bbox 406 1861 442 1927; x_wconf 83' lang='grc' dir='ltr'><strong><em>δὲ</em></strong></span> <span class='ocrx_word' id='word_1_94' title='bbox 460 1856 567 1938; x_wconf 86' lang='grc' dir='ltr'><strong><em>άλλως</em></strong></span> <span class='ocrx_word' id='word_1_95' title='bbox 584 1856 604 1948; x_wconf 83' lang='grc' dir='ltr'><strong><em>ῆ</em></strong></span> <span class='ocrx_word' id='word_1_96' title='bbox 622 1870 733 1946; x_wconf 82' lang='grc' dir='ltr'><strong><em>Μοῖρα</em></strong></span> <span class='ocrx_word' id='word_1_97' title='bbox 750 1856 841 1948; x_wconf 81' lang='grc' dir='ltr'><strong><em>καλή</em></strong></span> <span class='ocrx_word' id='word_1_98' title='bbox 860 1860 962 1949; x_wconf 89' lang='grc' dir='ltr'><strong><em>φόσις</em></strong></span> <span class='ocrx_word' id='word_1_99' title='bbox 980 1861 1134 1941; x_wconf 80' lang='grc' dir='ltr'><strong><em>διέταξεν.</em></strong></span> 
     </span>
    </p>

    <p class='ocr_par' dir='ltr' id='par_1_7' title="bbox 189 1958 1255 3274">
     <span class='ocr_line' id='line_1_17' title="bbox 189 1958 1255 2050; baseline 0.006 -25"><span class='ocrx_word' id='word_1_100' title='bbox 189 1976 206 2025; x_wconf 83' lang='lat'>2</span> <span class='ocrx_word' id='word_1_101' title='bbox 276 1969 380 2024; x_wconf 77' lang='grc' dir='ltr'><strong>ΤΕΡΨ.</strong></span> <span class='ocrx_word' id='word_1_102' title='bbox 418 1958 538 2030; x_wconf 75' lang='grc' dir='ltr'><strong><em>Οὐκοῦν</em></strong></span> <span class='ocrx_word' id='word_1_103' title='bbox 555 1961 675 2049; x_wconf 83' lang='grc' dir='ltr'><strong><em>ταύτην</em></strong></span> <span class='ocrx_word' id='word_1_104' title='bbox 694 1960 853 2046; x_wconf 80' lang='grc' dir='ltr'><strong><em>αἰτιῶμαι</em></strong></span> <span class='ocrx_word' id='word_1_105' title='bbox 869 1969 927 2049; x_wconf 90' lang='grc' dir='ltr'><strong><em>τῆς</em></strong></span> <span class='ocrx_word' id='word_1_106' title='bbox 945 1962 1138 2044; x_wconf 83' lang='grc' dir='ltr'><strong><em>διατάξεως·</em></strong></span> <span class='ocrx_word' id='word_1_107' title='bbox 1159 1960 1255 2050; x_wconf 74' lang='grc' dir='ltr'><strong><em>ἐχρῆν</em></strong></span> 
     </span>
     <span class='ocr_line' id='line_1_18' title="bbox 223 2061 1255 2154; baseline 0.001 -22"><span class='ocrx_word' id='word_1_108' title='bbox 223 2061 286 2152; x_wconf 80' lang='grc' dir='ltr'><strong><em>γάρ</em></strong></span> <span class='ocrx_word' id='word_1_109' title='bbox 312 2061 350 2132; x_wconf 89' lang='grc' dir='ltr'><strong><em>τὸ</em></strong></span> <span class='ocrx_word' id='word_1_110' title='bbox 376 2071 514 2153; x_wconf 89' lang='grc' dir='ltr'><strong><em>πρᾶγμα</em></strong></span> <span class='ocrx_word' id='word_1_111' title='bbox 540 2063 613 2151; x_wconf 77' lang='grc' dir='ltr'><strong><em>ἑξῆς</em></strong></span> <span class='ocrx_word' id='word_1_112' title='bbox 639 2088 714 2143; x_wconf 91' lang='grc' dir='ltr'><strong><em>πως</em></strong></span> <span class='ocrx_word' id='word_1_113' title='bbox 738 2068 925 2151; x_wconf 88' lang='grc' dir='ltr'><strong><em>γίγνεσθαι,</em></strong></span> <span class='ocrx_word' id='word_1_114' title='bbox 952 2062 1009 2132; x_wconf 88' lang='grc' dir='ltr'><strong><em>τὸν</em></strong></span> <span class='ocrx_word' id='word_1_115' title='bbox 1029 2065 1255 2154; x_wconf 75' lang='grc' dir='ltr'><strong><em>πρεσβύτερον</em></strong></span> 
     </span>
     <span class='ocr_line' id='line_1_19' title="bbox 224 2160 1254 2255; baseline -0.002 -20"><span class='ocrx_word' id='word_1_116' title='bbox 224 2166 386 2255; x_wconf 91' lang='grc' dir='ltr'><strong><em>πρότερον</em></strong></span> <span class='ocrx_word' id='word_1_117' title='bbox 404 2169 458 2233; x_wconf 84' lang='grc' dir='ltr'><strong><em>καὶ</em></strong></span> <span class='ocrx_word' id='word_1_118' title='bbox 475 2164 559 2250; x_wconf 81' lang='grc' dir='ltr'><strong><em>μετὰ</em></strong></span> <span class='ocrx_word' id='word_1_119' title='bbox 576 2172 693 2234; x_wconf 82' lang='grc' dir='ltr'><strong><em>τοῦτον</em></strong></span> <span class='ocrx_word' id='word_1_120' title='bbox 712 2160 803 2245; x_wconf 78' lang='grc' dir='ltr'><strong><em>ὅστις</em></strong></span> <span class='ocrx_word' id='word_1_121' title='bbox 817 2169 872 2232; x_wconf 85' lang='grc' dir='ltr'><strong><em>καὶ</em></strong></span> <span class='ocrx_word' id='word_1_122' title='bbox 886 2172 926 2254; x_wconf 85' lang='grc' dir='ltr'><strong><em>τῆ</em></strong></span> <span class='ocrx_word' id='word_1_123' title='bbox 939 2163 1048 2254; x_wconf 81' lang='grc' dir='ltr'><strong><em>ῆλικίρ</em></strong></span> <span class='ocrx_word' id='word_1_124' title='bbox 1060 2164 1129 2252; x_wconf 79' lang='grc' dir='ltr'><strong><em>μετ&gt;</em></strong></span> <span class='ocrx_word' id='word_1_125' title='bbox 1141 2164 1254 2249; x_wconf 78' lang='grc' dir='ltr'><strong><em>αὐτὸν,</em></strong></span> 
     </span>
     <span class='ocr_line' id='line_1_20' title="bbox 225 2265 1252 2357; baseline 0.002 -22"><span class='ocrx_word' id='word_1_126' title='bbox 225 2265 507 2357; x_wconf 80' lang='grc' dir='ltr'><strong><em>ἀντιστρέφεσθαι</em></strong></span> <span class='ocrx_word' id='word_1_127' title='bbox 534 2269 570 2334; x_wconf 83' lang='grc' dir='ltr'><strong><em>δὲ</em></strong></span> <span class='ocrx_word' id='word_1_128' title='bbox 594 2268 769 2356; x_wconf 81' lang='grc' dir='ltr'><strong><em>μηδαμῶς,</em></strong></span> <span class='ocrx_word' id='word_1_129' title='bbox 799 2269 882 2355; x_wconf 80' lang='grc' dir='ltr'><strong><em>μηδὲ</em></strong></span> <span class='ocrx_word' id='word_1_130' title='bbox 908 2269 962 2356; x_wconf 88' lang='grc' dir='ltr'><strong><em>ζῆν</em></strong></span> <span class='ocrx_word' id='word_1_131' title='bbox 985 2270 1045 2353; x_wconf 76' lang='grc' dir='ltr'><strong><em>μὲν</em></strong></span> <span class='ocrx_word' id='word_1_132' title='bbox 1070 2267 1128 2337; x_wconf 86' lang='grc' dir='ltr'><strong><em>τὸν</em></strong></span> <span class='ocrx_word' id='word_1_133' title='bbox 1150 2265 1252 2357; x_wconf 78' lang='grc' dir='ltr'><strong><em>ἀπέρ-</em></strong></span> 
     </span>
     <span class='ocr_line' id='line_1_21' title="bbox 223 2367 1253 2459; baseline 0.003 -24"><span class='ocrx_word' id='word_1_134' title='bbox 223 2395 330 2459; x_wconf 92' lang='grc' dir='ltr'><strong><em>γηρων</em></strong></span> <span class='ocrx_word' id='word_1_135' title='bbox 349 2367 486 2449; x_wconf 84' lang='grc' dir='ltr'><strong><em>ὀδόντας</em></strong></span> <span class='ocrx_word' id='word_1_136' title='bbox 502 2382 591 2459; x_wconf 86' lang='grc' dir='ltr'><strong><em>τρεῖς</em></strong></span> <span class='ocrx_word' id='word_1_137' title='bbox 609 2368 659 2445; x_wconf 71' lang='grc' dir='ltr'><strong><em>ἔτι</em></strong></span> <span class='ocrx_word' id='word_1_138' title='bbox 676 2368 815 2451; x_wconf 86' lang='grc' dir='ltr'><strong><em>λοιποὺς</em></strong></span> <span class='ocrx_word' id='word_1_139' title='bbox 838 2370 965 2455; x_wconf 83' lang='grc' dir='ltr'><strong><em>ἐ’χοντα,</em></strong></span> <span class='ocrx_word' id='word_1_140' title='bbox 990 2371 1088 2457; x_wconf 88' lang='grc' dir='ltr'><strong><em>μόγις</em></strong></span> <span class='ocrx_word' id='word_1_141' title='bbox 1111 2368 1253 2459; x_wconf 76' lang='grc' dir='ltr'><strong><em>ὁρῶντα,</em></strong></span> 
     </span>
     <span class='ocr_line' id='line_1_22' title="bbox 224 2471 1250 2563; baseline 0.002 -23"><span class='ocrx_word' id='word_1_142' title='bbox 224 2473 366 2551; x_wconf 78' lang='grc' dir='ltr'><strong><em>οἰκέταις</em></strong></span> <span class='ocrx_word' id='word_1_143' title='bbox 386 2477 556 2563; x_wconf 87' lang='grc' dir='ltr'><strong><em>τέτταρσιν</em></strong></span> <span class='ocrx_word' id='word_1_144' title='bbox 579 2471 813 2562; x_wconf 71' lang='grc' dir='ltr'><strong><em>ἐπικεκυφότα,</em></strong></span> <span class='ocrx_word' id='word_1_145' title='bbox 840 2473 975 2560; x_wconf 84' lang='grc' dir='ltr'><strong><em>κορόζης</em></strong></span> <span class='ocrx_word' id='word_1_146' title='bbox 999 2474 1057 2557; x_wconf 76' lang='grc' dir='ltr'><strong><em>μὲν</em></strong></span> <span class='ocrx_word' id='word_1_147' title='bbox 1082 2472 1139 2560; x_wconf 82' lang='grc' dir='ltr'><strong><em>τὴν</em></strong></span> <span class='ocrx_word' id='word_1_148' title='bbox 1166 2477 1250 2562; x_wconf 80' lang='grc' dir='ltr'><strong><em>ῥῖνα,</em></strong></span> 
     </span>
     <span class='ocr_line' id='line_1_23' title="bbox 223 2571 1251 2665; baseline 0.003 -25"><span class='ocrx_word' id='word_1_149' title='bbox 223 2574 327 2663; x_wconf 80' lang='grc' dir='ltr'><strong><em>λήμης</em></strong></span> <span class='ocrx_word' id='word_1_150' title='bbox 354 2574 390 2641; x_wconf 82' lang='grc' dir='ltr'><strong><em>δὲ</em></strong></span> <span class='ocrx_word' id='word_1_151' title='bbox 415 2572 493 2654; x_wconf 85' lang='grc' dir='ltr'><strong><em>τοὺς</em></strong></span> <span class='ocrx_word' id='word_1_152' title='bbox 519 2571 719 2664; x_wconf 81' lang='grc' dir='ltr'><strong><em>ὀφθαλμοὺς</em></strong></span> <span class='ocrx_word' id='word_1_153' title='bbox 739 2573 859 2663; x_wconf 86' lang='grc' dir='ltr'><strong><em>μεστὸν</em></strong></span> <span class='ocrx_word' id='word_1_154' title='bbox 881 2571 973 2655; x_wconf 89' lang='grc' dir='ltr'><strong><em>όντα,</em></strong></span> <span class='ocrx_word' id='word_1_155' title='bbox 1001 2572 1095 2643; x_wconf 72' lang='grc' dir='ltr'><strong><em>οὐδὲν</em></strong></span> <span class='ocrx_word' id='word_1_156' title='bbox 1118 2574 1168 2647; x_wconf 67' lang='grc' dir='ltr'><strong><em>ἔτι</em></strong></span> <span class='ocrx_word' id='word_1_157' title='bbox 1188 2574 1251 2665; x_wconf 81' lang='grc' dir='ltr'><strong><em>ἡδὺ</em></strong></span> 
     </span>
     <span class='ocr_line' id='line_1_24' title="bbox 225 2675 1254 2768; baseline 0.002 -23"><span class='ocrx_word' id='word_1_158' title='bbox 225 2677 353 2759; x_wconf 82' lang='grc' dir='ltr'><strong><em>εἰδότα,</em></strong></span> <span class='ocrx_word' id='word_1_159' title='bbox 382 2676 529 2764; x_wconf 72' lang='grc' dir='ltr'><strong><em>ἔμψυχόν</em></strong></span> <span class='ocrx_word' id='word_1_160' title='bbox 555 2704 628 2767; x_wconf 85' lang='grc' dir='ltr'><strong><em>τινα</em></strong></span> <span class='ocrx_word' id='word_1_161' title='bbox 653 2680 761 2768; x_wconf 86' lang='grc' dir='ltr'><strong><em>τάφον</em></strong></span> <span class='ocrx_word' id='word_1_162' title='bbox 787 2675 855 2745; x_wconf 78' lang='grc' dir='ltr'><strong><em>ἀπὸ</em></strong></span> <span class='ocrx_word' id='word_1_163' title='bbox 880 2684 945 2745; x_wconf 84' lang='grc' dir='ltr'><strong><em>τῶν</em></strong></span> <span class='ocrx_word' id='word_1_164' title='bbox 966 2682 1047 2744; x_wconf 85' lang='grc' dir='ltr'><strong><em>νέων</em></strong></span> <span class='ocrx_word' id='word_1_165' title='bbox 1067 2681 1254 2765; x_wconf 80' lang='grc' dir='ltr'><strong><em>καταγελά-</em></strong></span> 
     </span>
     <span class='ocr_line' id='line_1_25' title="bbox 224 2777 1254 2870; baseline 0.001 -23"><span class='ocrx_word' id='word_1_166' title='bbox 224 2805 331 2864; x_wconf 89' lang='grc' dir='ltr'><strong><em>μενον,</em></strong></span> <span class='ocrx_word' id='word_1_167' title='bbox 360 2777 584 2866; x_wconf 79' lang='grc' dir='ltr'><strong><em>ἀποθνήσκειν</em></strong></span> <span class='ocrx_word' id='word_1_168' title='bbox 607 2781 643 2847; x_wconf 77' lang='grc' dir='ltr'><strong><em>δὲ</em></strong></span> <span class='ocrx_word' id='word_1_169' title='bbox 665 2783 857 2860; x_wconf 82' lang='grc' dir='ltr'><strong><em>καλλίστους</em></strong></span> <span class='ocrx_word' id='word_1_170' title='bbox 878 2781 933 2847; x_wconf 81' lang='grc' dir='ltr'><strong><em>καὶ</em></strong></span> <span class='ocrx_word' id='word_1_171' title='bbox 951 2777 1254 2870; x_wconf 74' lang='grc' dir='ltr'><strong><em>ἐρρωμενεστάτους</em></strong></span> 
     </span>
     <span class='ocr_line' id='line_1_26' title="bbox 224 2878 1252 2970; baseline 0.001 -20"><span class='ocrx_word' id='word_1_172' title='bbox 224 2887 426 2960; x_wconf 83' lang='grc' dir='ltr'><strong><em>νεανίσκους·</em></strong></span> <span class='ocrx_word' id='word_1_173' title='bbox 445 2879 512 2948; x_wconf 90' lang='grc' dir='ltr'><strong><em>ἀνω</em></strong></span> <span class='ocrx_word' id='word_1_174' title='bbox 525 2879 588 2970; x_wconf 88' lang='grc' dir='ltr'><strong><em>γὰρ</em></strong></span> <span class='ocrx_word' id='word_1_175' title='bbox 606 2888 765 2968; x_wconf 76' lang='grc' dir='ltr'><strong><em>ποταμῶν</em></strong></span> <span class='ocrx_word' id='word_1_176' title='bbox 782 2881 881 2949; x_wconf 82' lang='grc' dir='ltr'><strong><em>τοῦτό</em></strong></span> <span class='ocrx_word' id='word_1_177' title='bbox 899 2901 950 2969; x_wconf 89' lang='grc' dir='ltr'><strong><em>γε·</em></strong></span> <span class='ocrx_word' id='word_1_178' title='bbox 968 2878 990 2970; x_wconf 82' lang='grc' dir='ltr'><strong><em>ῆ</em></strong></span> <span class='ocrx_word' id='word_1_179' title='bbox 1007 2880 1046 2950; x_wconf 87' lang='grc' dir='ltr'><strong><em>τὸ</em></strong></span> <span class='ocrx_word' id='word_1_180' title='bbox 1064 2885 1252 2952; x_wconf 84' lang='grc' dir='ltr'><strong><em>τελευταῖον</em></strong></span> 
     </span>
     <span class='ocr_line' id='line_1_27' title="bbox 226 2981 1252 3072; baseline 0.003 -23"><span class='ocrx_word' id='word_1_181' title='bbox 226 2983 347 3050; x_wconf 80' lang='grc' dir='ltr'><strong><em>εἰδέναι</em></strong></span> <span class='ocrx_word' id='word_1_182' title='bbox 365 2981 458 3072; x_wconf 75' lang='grc' dir='ltr'><strong><em>ἐχρῆν</em></strong></span> <span class='ocrx_word' id='word_1_183' title='bbox 475 2984 559 3050; x_wconf 92' lang='grc' dir='ltr'><strong><em>πότε</em></strong></span> <span class='ocrx_word' id='word_1_184' title='bbox 576 2987 632 3050; x_wconf 85' lang='grc' dir='ltr'><strong><em>καὶ</em></strong></span> <span class='ocrx_word' id='word_1_185' title='bbox 648 2985 843 3072; x_wconf 84' lang='grc' dir='ltr'><strong><em>τεθνήξεται</em></strong></span> <span class='ocrx_word' id='word_1_186' title='bbox 855 2989 921 3051; x_wconf 81' lang='grc' dir='ltr'><strong><em>τῶν</em></strong></span> <span class='ocrx_word' id='word_1_187' title='bbox 933 2984 1092 3070; x_wconf 89' lang='grc' dir='ltr'><strong><em>γερόντων</em></strong></span> <span class='ocrx_word' id='word_1_188' title='bbox 1106 2984 1252 3067; x_wconf 73' lang='grc' dir='ltr'><strong><em>ἕκαστος,</em></strong></span> 
     </span>
     <span class='ocr_line' id='line_1_28' title="bbox 225 3082 1254 3177; baseline 0.003 -24"><span class='ocrx_word' id='word_1_189' title='bbox 225 3084 281 3153; x_wconf 79' lang='grc' dir='ltr'><strong><em>ἵνα</em></strong></span> <span class='ocrx_word' id='word_1_190' title='bbox 297 3082 341 3171; x_wconf 81' lang='grc' dir='ltr'><strong><em>μὴ</em></strong></span> <span class='ocrx_word' id='word_1_191' title='bbox 360 3084 466 3173; x_wconf 90' lang='grc' dir='ltr'><strong><em>μάτην</em></strong></span> <span class='ocrx_word' id='word_1_192' title='bbox 485 3083 589 3166; x_wconf 78' lang='grc' dir='ltr'><strong><em>ἐνίους</em></strong></span> <span class='ocrx_word' id='word_1_193' title='bbox 607 3084 825 3174; x_wconf 78' lang='grc' dir='ltr'><strong><em>ἐθεράπευον.</em></strong></span> <span class='ocrx_word' id='word_1_194' title='bbox 859 3092 914 3155; x_wconf 84' lang='grc' dir='ltr'><strong><em>νῦν</em></strong></span> <span class='ocrx_word' id='word_1_195' title='bbox 936 3086 972 3153; x_wconf 80' lang='grc' dir='ltr'><strong><em>δὲ</em></strong></span> <span class='ocrx_word' id='word_1_196' title='bbox 994 3083 1032 3154; x_wconf 87' lang='grc' dir='ltr'><strong><em>τὸ</em></strong></span> <span class='ocrx_word' id='word_1_197' title='bbox 1054 3092 1113 3175; x_wconf 93' lang='grc' dir='ltr'><strong><em>τῆς</em></strong></span> <span class='ocrx_word' id='word_1_198' title='bbox 1130 3110 1254 3177; x_wconf 81' lang='grc' dir='ltr'><strong><em>παροι·</em></strong></span> 
     </span>
     <span class='ocr_line' id='line_1_29' title="bbox 225 3182 666 3274; baseline 0.009 -22"><span class='ocrx_word' id='word_1_199' title='bbox 225 3192 317 3273; x_wconf 89' lang='grc' dir='ltr'><strong><em>μίας,</em></strong></span> <span class='ocrx_word' id='word_1_200' title='bbox 336 3183 356 3274; x_wconf 89' lang='grc' dir='ltr'><strong><em>ῆ</em></strong></span> <span class='ocrx_word' id='word_1_201' title='bbox 376 3182 486 3271; x_wconf 77' lang='grc' dir='ltr'><strong><em>ἅμαξα</em></strong></span> <span class='ocrx_word' id='word_1_202' title='bbox 502 3186 560 3255; x_wconf 90' lang='grc' dir='ltr'><strong><em>τὸν</em></strong></span> <span class='ocrx_word' id='word_1_203' title='bbox 576 3194 666 3273; x_wconf 80' lang='grc' dir='ltr'><strong><em>βοῦν.</em></strong></span> 
     </span>
    </p>

    <p class='ocr_par' dir='ltr' id='par_1_8' title="bbox 191 3281 1256 4098">
     <span class='ocr_line' id='line_1_30' title="bbox 191 3281 1253 3381; baseline -0.006 -17"><span class='ocrx_word' id='word_1_204' title='bbox 191 3314 208 3364; x_wconf 78' lang='lat'><em>8</em></span> <span class='ocrx_word' id='word_1_205' title='bbox 277 3304 413 3359; x_wconf 86' lang='grc' dir='ltr'><strong>ΠΛΟΥΤ.</strong></span> <span class='ocrx_word' id='word_1_206' title='bbox 455 3296 564 3358; x_wconf 85' lang='grc' dir='ltr'><strong><em>Ταῦτα</em></strong></span> <span class='ocrx_word' id='word_1_207' title='bbox 588 3291 660 3377; x_wconf 75' lang='grc' dir='ltr'><strong><em>μὲν,</em></strong></span> <span class='ocrx_word' id='word_1_208' title='bbox 689 3281 717 3357; x_wconf 82' lang='grc' dir='ltr'><strong><em>ά</em></strong></span> <span class='ocrx_word' id='word_1_209' title='bbox 746 3296 909 3378; x_wconf 81' lang='grc' dir='ltr'><strong><em>Τερψίων,</em></strong></span> <span class='ocrx_word' id='word_1_210' title='bbox 936 3289 1021 3358; x_wconf 82' lang='grc' dir='ltr'><strong><em>πολὺ</em></strong></span> <span class='ocrx_word' id='word_1_211' title='bbox 1049 3291 1253 3381; x_wconf 80' lang='grc' dir='ltr'><strong><em>συνετώτεροι</em></strong></span> 
     </span>
     <span class='ocr_line' id='line_1_31' title="bbox 225 3386 1252 3483; baseline 0.004 -26"><span class='ocrx_word' id='word_1_212' title='bbox 225 3395 368 3480; x_wconf 90' lang='grc' dir='ltr'><strong><em>γίγνεται</em></strong></span> <span class='ocrx_word' id='word_1_213' title='bbox 385 3386 470 3483; x_wconf 87' lang='grc' dir='ltr'><strong><em>ήπερ</em></strong></span> <span class='ocrx_word' id='word_1_214' title='bbox 489 3394 543 3459; x_wconf 87' lang='grc' dir='ltr'><strong><em>σοὶ</em></strong></span> <span class='ocrx_word' id='word_1_215' title='bbox 557 3394 655 3461; x_wconf 88' lang='grc' dir='ltr'><strong><em>δοκεῖ.</em></strong></span> <span class='ocrx_word' id='word_1_216' title='bbox 683 3396 739 3460; x_wconf 80' lang='grc' dir='ltr'><strong><em>καὶ</em></strong></span> <span class='ocrx_word' id='word_1_217' title='bbox 755 3388 848 3478; x_wconf 80' lang='grc' dir='ltr'><strong><em>όμεῖς</em></strong></span> <span class='ocrx_word' id='word_1_218' title='bbox 866 3393 902 3459; x_wconf 80' lang='grc' dir='ltr'><strong><em>δὲ</em></strong></span> <span class='ocrx_word' id='word_1_219' title='bbox 918 3397 952 3459; x_wconf 88' lang='grc' dir='ltr'><strong><em>τί</em></strong></span> <span class='ocrx_word' id='word_1_220' title='bbox 967 3394 1137 3473; x_wconf 83' lang='grc' dir='ltr'><strong><em>παθόντες</em></strong></span> <span class='ocrx_word' id='word_1_221' title='bbox 1154 3390 1252 3461; x_wconf 82' lang='grc' dir='ltr'><strong><em>ἀλλο·</em></strong></span> 
     </span>
     <span class='ocr_line' id='line_1_32' title="bbox 225 3492 1250 3584; baseline 0.001 -22"><span class='ocrx_word' id='word_1_222' title='bbox 225 3500 331 3579; x_wconf 89' lang='grc' dir='ltr'><strong><em>τρίσις</em></strong></span> <span class='ocrx_word' id='word_1_223' title='bbox 353 3492 535 3578; x_wconf 78' lang='grc' dir='ltr'><strong><em>ἐπιχαίνετε</em></strong></span> <span class='ocrx_word' id='word_1_224' title='bbox 555 3497 698 3575; x_wconf 81' lang='grc' dir='ltr'><strong><em>καὶτοῖς</em></strong></span> <span class='ocrx_word' id='word_1_225' title='bbox 716 3492 862 3575; x_wconf 84' lang='grc' dir='ltr'><strong><em>ἀτέκνοις</em></strong></span> <span class='ocrx_word' id='word_1_226' title='bbox 878 3501 943 3562; x_wconf 88' lang='grc' dir='ltr'><strong><em>τιῦν</em></strong></span> <span class='ocrx_word' id='word_1_227' title='bbox 959 3495 1118 3584; x_wconf 89' lang='grc' dir='ltr'><strong><em>γερόντων</em></strong></span> <span class='ocrx_word' id='word_1_228' title='bbox 1136 3494 1250 3567; x_wconf 76' lang='grc' dir='ltr'><strong><em>ἐσποι-</em></strong></span> 
     </span>
     <span class='ocr_line' id='line_1_33' title="bbox 227 3594 1249 3686; baseline 0.001 -23"><span class='ocrx_word' id='word_1_229' title='bbox 227 3609 293 3663; x_wconf 86' lang='grc' dir='ltr'><strong><em>εῖτε</em></strong></span> <span class='ocrx_word' id='word_1_230' title='bbox 310 3601 465 3686; x_wconf 82' lang='grc' dir='ltr'><strong><em>φέροντες</em></strong></span> <span class='ocrx_word' id='word_1_231' title='bbox 482 3594 617 3680; x_wconf 81' lang='grc' dir='ltr'><strong><em>αὖτοός,·</em></strong></span> <span class='ocrx_word' id='word_1_232' title='bbox 633 3603 805 3686; x_wconf 82' lang='grc' dir='ltr'><strong><em>τοιγαροῦν</em></strong></span> <span class='ocrx_word' id='word_1_233' title='bbox 817 3600 944 3685; x_wconf 85' lang='grc' dir='ltr'><strong><em>γέλωτα</em></strong></span> <span class='ocrx_word' id='word_1_234' title='bbox 956 3594 1171 3686; x_wconf 83' lang='grc' dir='ltr'><strong><em>ὀφλισκάνετε</em></strong></span> <span class='ocrx_word' id='word_1_235' title='bbox 1183 3594 1249 3684; x_wconf 84' lang='grc' dir='ltr'><strong><em>πρὸ</em></strong></span> 
     </span>
     <span class='ocr_line' id='line_1_34' title="bbox 227 3693 1249 3789; baseline -0.001 -22"><span class='ocrx_word' id='word_1_236' title='bbox 227 3697 354 3767; x_wconf 69' lang='grc' dir='ltr'><strong><em>ἐκείνων</em></strong></span> <span class='ocrx_word' id='word_1_237' title='bbox 371 3700 657 3789; x_wconf 86' lang='grc' dir='ltr'><strong><em>κατορυττόμενοι,</em></strong></span> <span class='ocrx_word' id='word_1_238' title='bbox 674 3696 780 3767; x_wconf 81' lang='grc' dir='ltr'><strong><em>καὶτὸ</em></strong></span> <span class='ocrx_word' id='word_1_239' title='bbox 794 3706 932 3788; x_wconf 82' lang='grc' dir='ltr'><strong><em>πρᾶγμα</em></strong></span> <span class='ocrx_word' id='word_1_240' title='bbox 944 3713 1015 3780; x_wconf 93' lang='grc' dir='ltr'><strong><em>τοῖς</em></strong></span> <span class='ocrx_word' id='word_1_241' title='bbox 1029 3702 1167 3779; x_wconf 88' lang='grc' dir='ltr'><strong><em>πολλοῖς</em></strong></span> <span class='ocrx_word' id='word_1_242' title='bbox 1179 3693 1249 3788; x_wconf 83' lang='grc' dir='ltr'><strong><em>ῆδι-</em></strong></span> 
     </span>
     <span class='ocr_line' id='line_1_35' title="bbox 227 3797 1248 3891; baseline -0.002 -21"><span class='ocrx_word' id='word_1_243' title='bbox 227 3824 304 3870; x_wconf 90' lang='grc' dir='ltr'><strong><em>στον</em></strong></span> <span class='ocrx_word' id='word_1_244' title='bbox 313 3807 470 3889; x_wconf 88' lang='grc' dir='ltr'><strong><em>γίγνεται·</em></strong></span> <span class='ocrx_word' id='word_1_245' title='bbox 490 3797 558 3889; x_wconf 79' lang='grc' dir='ltr'><strong><em>ὅσῳ</em></strong></span> <span class='ocrx_word' id='word_1_246' title='bbox 567 3799 630 3891; x_wconf 82' lang='grc' dir='ltr'><strong><em>γὰρ</em></strong></span> <span class='ocrx_word' id='word_1_247' title='bbox 643 3797 737 3887; x_wconf 79' lang='grc' dir='ltr'><strong><em>ὑμεῖς</em></strong></span> <span class='ocrx_word' id='word_1_248' title='bbox 751 3800 890 3883; x_wconf 78' lang='grc' dir='ltr'><strong><em>ἐκείνους</em></strong></span> <span class='ocrx_word' id='word_1_249' title='bbox 904 3799 1089 3871; x_wconf 88' lang='grc' dir='ltr'><strong><em>ἀποθανεῖν</em></strong></span> <span class='ocrx_word' id='word_1_250' title='bbox 1100 3798 1248 3885; x_wconf 72' lang='grc' dir='ltr'><strong><em>εὔχεσθε,</em></strong></span> 
     </span>
     <span class='ocr_line' id='line_1_36' title="bbox 226 3899 1249 3995; baseline 0.001 -26"><span class='ocrx_word' id='word_1_251' title='bbox 226 3904 376 3995; x_wconf 81' lang='grc' dir='ltr'><strong><em>τοσούτῳ</em></strong></span> <span class='ocrx_word' id='word_1_252' title='bbox 395 3899 519 3973; x_wconf 77' lang='grc' dir='ltr'><strong><em>ἅπασιν</em></strong></span> <span class='ocrx_word' id='word_1_253' title='bbox 536 3900 597 3993; x_wconf 81' lang='grc' dir='ltr'><strong><em>ῆδδ</em></strong></span> <span class='ocrx_word' id='word_1_254' title='bbox 615 3910 871 3992; x_wconf 89' lang='grc' dir='ltr'><strong><em>προαποθανεῖν</em></strong></span> <span class='ocrx_word' id='word_1_255' title='bbox 887 3901 972 3990; x_wconf 82' lang='grc' dir='ltr'><strong><em>ὗμᾶς</em></strong></span> <span class='ocrx_word' id='word_1_256' title='bbox 989 3901 1106 3972; x_wconf 77' lang='grc' dir='ltr'><strong><em>αὐτῶν.</em></strong></span> <span class='ocrx_word' id='word_1_257' title='bbox 1141 3902 1249 3991; x_wconf 84' lang='grc' dir='ltr'><strong><em>καινήν</em></strong></span> 
     </span>
     <span class='ocr_line' id='line_1_37' title="bbox 225 4004 1256 4098; baseline 0.006 -29"><span class='ocrx_word' id='word_1_258' title='bbox 225 4004 289 4095; x_wconf 86' lang='grc' dir='ltr'><strong><em>γάρ</em></strong></span> <span class='ocrx_word' id='word_1_259' title='bbox 306 4031 380 4074; x_wconf 88' lang='grc' dir='ltr'><strong><em>τινα</em></strong></span> <span class='ocrx_word' id='word_1_260' title='bbox 396 4007 516 4096; x_wconf 83' lang='grc' dir='ltr'><strong><em>ταύτην</em></strong></span> <span class='ocrx_word' id='word_1_261' title='bbox 532 4012 642 4098; x_wconf 78' lang='grc' dir='ltr'><strong><em>τέχνην</em></strong></span> <span class='ocrx_word' id='word_1_262' title='bbox 660 4005 887 4096; x_wconf 73' lang='grc' dir='ltr'><strong><em>ἐπινενοήκατε</em></strong></span> <span class='ocrx_word' id='word_1_263' title='bbox 902 4013 1011 4096; x_wconf 78' lang='grc' dir='ltr'><strong><em>γραῶν</em></strong></span> <span class='ocrx_word' id='word_1_264' title='bbox 1023 4009 1078 4075; x_wconf 84' lang='grc' dir='ltr'><strong><em>καὶ</em></strong></span> <span class='ocrx_word' id='word_1_265' title='bbox 1091 4006 1256 4097; x_wconf 75' lang='grc' dir='ltr'><strong><em>γερόντων</em></strong></span> 
     </span>
    </p>
   </div>
   <div class='ocr_carea' id='block_1_4' title="bbox 0 0 1366 4634">
    <p class='ocr_par' dir='ltr' id='par_1_9' title="bbox 0 0 1366 4634">
     <span class='ocr_line' id='line_1_38' title="bbox 0 0 1366 4634; baseline 0 0"><span class='ocrx_word' id='word_1_266' title='bbox 0 0 1366 4634; x_wconf 95' lang='lat' dir='ltr'><strong><em> </em></strong></span> 
     </span>
    </p>
   </div>
  </div>
 </body>
</html>
