2722 4646
271 331 273 334 ,
423 276 463 332 Π.
480 277 750 333 ΠΡΟΜΗΘΕΥΣ
767 279 853 335 3-7.
1109 271 1151 337 11

118 380 188 455 ἀλλ’
202 378 224 472 ή
242 381 302 468 μέν
318 381 465 468 κάμηλος
483 378 652 450 ἀπέθανεν
665 378 882 473 ἀμελουμένη,
902 383 957 456 τὸν
971 384 1154 476 ἀνθρωπον

117 487 153 558 δέ
168 483 230 554 τδν
251 481 362 555 διττὸν
381 486 522 552 θέσπιδι
542 491 591 572 τῷ
614 482 736 575 αὐλητῇ
755 485 944 575 ἐδωρήσατο
965 493 1075 570 καλῶς
1093 489 1153 559 αὗ-

113 588 255 678 λήσαντι
271 584 366 677 παρὰ
381 584 439 655 τὸν
455 587 571 655 πότον.
609 589 741 656 δέδοικα
759 591 795 657 δέ
816 589 860 678 μή
879 595 934 657 καὶ
949 590 1074 677 τοόμδν
1091 595 1151 662 κά-
1168 619 1185 667 ε

111 693 219 779 μηλος
238 688 272 760 ἐν
288 689 487 779 Αἰγυπτίοις
504 681 539 779 ᾗ,
569 690 603 758 ολ
620 691 656 758 δέ
675 688 854 781 ἀνθρωποι
875 691 932 760 τὸν
948 695 1079 776 χαλινὸν
1101 697 1151 766 ἔτι

112 791 217 883 αάτῆς
230 794 434 883 θαυμάζωσι
445 792 567 880 καὶτὴν
577 791 769 882 ἁλουργίδα,
789 794 863 863 έπελ
878 793 953 863 οὐδὲ
965 796 1003 863 τὸ
1015 797 1049 864 ἐκ
1058 800 1150 867 δυοῖν

109 908 185 965 τοῖν
196 898 387 964 καλλίστοιν
401 904 607 982 συγκεῖσθαι,
627 898 782 984 διαλόγου
795 901 852 964 καὶ
864 898 1051 985 κωμῳδίας,
1072 898 1150 968 οὐδὲ

109 1004 212 1070 τοῦτο
225 995 357 1087 ἀπόχρη
372 998 420 1078 είς
433 996 616 1088 εὐμορφίαν
620 1050 630 1080 ,
650 999 680 1066 εἰ
692 996 736 1087 μὴ
755 997 842 1089 καλή
858 1002 945 1086 μίξις
959 999 1149 1087 ἐναρμόνιος

109 1200 293 1272 ἀλλόκοτον
313 1200 372 1293 τήν
390 1204 554 1292 συνθήκην
578 1201 676 1281 εἶναι’
704 1203 774 1272 οἷον
797 1203 898 1272 ἐκεῖνο
914 1203 954 1272 τὸ
972 1208 1148 1294 προχειρό-

107 1330 226 1387 τατον,
255 1301 274 1373 δ
293 1305 569 1396 ἱπποκένταυρος
597 1304 715 1395 οὐγὰρ
735 1303 774 1375 ἀν
793 1313 895 1396 φαίης
913 1306 1095 1394 ἐπέραστόν
1112 1335 1147 1381 τι

94 1407 195 1497 ζῷον
212 1410 308 1476 τουτὶ
324 1413 495 1496 γενέσθαι,
517 1406 600 1474 ἀλλὰ
617 1413 673 1479 καί
690 1407 939 1498 ὑβριστότατον,
963 1411 993 1478 εί
1007 1410 1069 1501 χρή
1087 1438 1146 1479 πι-

108 1511 240 1581 στεύειν
254 1523 325 1590 τοῖς
339 1511 527 1600 ζωγράφοις
541 1509 816 1596 ἐπιδεικνυμένοις
828 1510 888 1592 τὰς
901 1519 1077 1603 παροινίας
1089 1516 1146 1581 καλ

108 1612 245 1703 σφαγὰς
267 1610 385 1682 αὐτῶν.
421 1619 455 1680 τί
477 1604 548 1693 οδν,·
575 1612 646 1697 οὐχὶ
667 1619 723 1682 καὶ
740 1614 882 1700 έμπαλιν
903 1611 1018 1703 γένοιτ’
1034 1613 1074 1683 ἀν
1091 1613 1147 1684 εό-

11 1782 12 1789 ,
106 1716 242 1809 μορφάν
256 1743 290 1784 τι
304 1714 339 1783 ἐκ
353 1717 443 1783 δυοῖν
452 1728 521 1782 τοῖν
535 1714 682 1804 ἀρίστοιν
697 1720 866 1800 συντεθὲν,
886 1714 1000 1806 ὥσπερ
1010 1717 1046 1800 ἐξ
1054 1718 1144 1787 α’ίνου

107 1821 166 1887 καλ
182 1821 318 1905 μέλιτος
338 1816 377 1886 τὸ
401 1818 649 1907 συναμφότερον
670 1816 819 1906 ήδιστον,·
854 1823 941 1909 φημί
963 1818 1077 1908 έγωγε·
1104 1817 1142 1889 οὗ
1179 1858 1181 1862 v

108 1921 173 2012 μὴν
188 1927 272 2013 περί
287 1946 323 2009 γε
341 1927 406 1989 τῶν
425 1920 512 2006 ἐμῶν
525 1921 586 2003 ἔχω
607 1922 832 1989 διατείνεσθαι
851 1919 897 2002 ὥς
913 1922 1073 1990 τοιοάτων
1090 1918 1144 1990 δν-

108 2050 183 2108 των,
198 2021 284 2091 ἀλλὰ
294 2025 388 2092 δέδια
396 2022 441 2112 μή
450 2021 488 2091 τὸ
499 2021 651 2113 ἑκατέρου
661 2021 807 2112 κάλλοςή
815 2025 906 2111 μῖξις
915 2027 1141 2114 συνέφθειρεν.

108 2123 148 2196 οδ
166 2127 256 2196 πάνυ
279 2133 356 2215 γοῦν
380 2126 507 2214 συνήθη
530 2130 586 2195 καὶ
608 2128 691 2216 φίλα
713 2126 749 2209 ἐξ
765 2122 865 2216 ἀρχῆς
886 2118 924 2216 ἦν
946 2123 964 2193 δ
989 2126 1174 2214 διάλογοςς

106 2233 162 2300 καὶ
179 2227 200 2320 ή
219 2230 391 2318 κωμῳδία,
411 2230 444 2297 εἴ
458 2254 494 2317 γε
512 2226 602 2314 δμὲν
620 2231 706 2300 σ’ίκοι
722 2232 778 2297 καί
796 2225 873 2296 καθ’
889 2227 1005 2297 ἑαυτὸν
1019 2230 1089 2319 ἰδίην
1108 2229 1142 2299 έν

104 2346 179 2412 τοῖς
200 2333 402 2422 περιπάτοις
422 2328 491 2418 μετ’
507 2327 626 2429 ὀλίγων
647 2333 708 2414 τὰς
730 2331 903 2422 διατριβὰς
925 2331 1085 2416 ἐποιεῖτο,
1118 2328 1139 2423 ή
1258 2349 1260 2353 ’

106 2436 146 2504 δέ
170 2436 368 2525 παραδοῦσα
394 2441 441 2524 τῷ
459 2435 609 2524 Διονύσῳ
636 2432 754 2525 ἑαυτήν
778 2436 914 2525 θεάτρῳ
942 2424 1059 2521 ιῦμίλει
1083 2437 1141 2503 καί

105 2539 283 2620 συνέπαιζε
301 2541 356 2609 καλ
374 2537 607 2626 ἐγελωτοποίει
619 2541 674 2605 καὶ
688 2537 880 2606 ἐπέσκωπτε
892 2541 948 2604 καί
966 2535 999 2606 έν
1017 2540 1139 2628 ῥυθμῷ
1208 2602 1214 2613 ,

104 2640 216 2727 ἐβαινε
229 2637 315 2730 πρὸς
330 2638 439 2724 αάλὸν,
460 2640 562 2707 ἐνίοτε
574 2642 630 2709 καλ
642 2638 681 2707 τὸ
692 2634 767 2707 όλον
777 2636 996 2719 ἀναπαίστοις
1005 2644 1140 2727 μέτροις

105 2742 324 2832 ἐποχουμένη·
358 2741 400 2811 τδι
427 2743 463 2811 δὲ
489 2739 598 2811 πολλὰ
622 2740 699 2823 τοὺς
725 2742 783 2809 τοῦ
806 2742 961 2830 διαλόγου
988 2740 1139 2832 ἑταίρους

103 2843 254 2930 ἐχλεύαζε
276 2843 475 2936 φροντιστὰς
495 2850 551 2913 καὶ
571 2849 834 2934 μετεωρολέσχας
855 2847 911 2912 καὶ
931 2842 973 2913 τά
998 2851 1138 2913 τοιαῦτα

103 2948 413 3037 προσαγορεύουσα·
438 2951 493 3015 καλ
511 2955 589 3034 μίαν
605 2950 726 3038 ταύτην
742 2953 937 3037 προαίρεσιν
955 2947 1137 3036 ἐπεποίητο

104 3050 247 3131 ἐκείνους
277 3038 500 3120 ἐπισκώπτειν
530 3054 586 3117 καλ
614 3050 672 3140 τὴν
699 3049 914 3139 Διονυσιακὴν
945 3049 1137 3140 ἐλευθερίαν

101 3165 254 3237 καταχεῖν
273 3151 394 3236 αὐτῶν,
423 3149 499 3242 ἀρτι
515 3156 576 3239 μὲν
592 3151 853 3241 ἀεροβατοῦντας
870 3155 1063 3223 δεικνύουσα
1080 3158 1137 3222 καὶ
1232 3151 1235 3156 ’

101 3259 256 3344 νεφέλαις
283 3256 452 3339 συνόντας,
491 3252 567 3345 ἀρτι
593 3257 629 3324 δέ
654 3259 790 3344 ψυλλῶν
815 3257 995 3346 πηδήματα
1020 3259 1136 3342 διαμε-

100 3365 272 3449 τροῦντας,
301 3355 347 3438 ὡς
365 3360 467 3448 δήθεν
484 3358 526 3426 τά
545 3354 640 3450 ἀέρια
657 3358 985 3448 λεπτολογουμένους.
1022 3357 1040 3426 δ
1061 3349 1142 3425 διάέ

101 3463 199 3548 λογος
222 3461 259 3528 δέ
280 3462 482 3547 σεμνοτάτας
503 3460 650 3530 ἐποιεῖτο
672 3461 732 3543 τὰς
754 3468 929 3542 συνουσίας
946 3460 1080 3550 φόσειός
1096 3485 1134 3528 τε

100 3569 182 3653 πέρι
193 3565 249 3630 καλ
262 3560 379 3654 ἀρετῆς
393 3567 604 3653 φιλοσοφῶν·
621 3560 708 3634 ὥστε
720 3563 758 3633 τὸ
772 3558 839 3632 τῶν
848 3569 1014 3650 μουσικῶν
1022 3569 1133 3646 τοῦτο,

101 3665 154 3745 δὶς
172 3664 229 3733 διὰ
245 3673 364 3735 πασῶν
381 3663 466 3734 εἶναι
482 3664 539 3754 τήν
557 3665 729 3756 ἁρμονίαν,
757 3663 826 3734 ἀπὸ
844 3672 903 3733 τοῦ
921 3664 1080 3748 ὀξυτάτου
1097 3664 1133 3747 ἐς

99 3765 140 3835 τὸ
165 3768 360 3859 βαρύτατον.
404 3771 460 3836 καλ
486 3764 576 3853 ὅμως
598 3768 821 3858 ἐτολμήσαμεν
842 3765 938 3857 ἡμεῖς
961 3766 1005 3836 τδι
1026 3764 1132 3851 οάτως

101 3868 215 3953 έχοντα
231 3869 318 3961 πρὸς
335 3870 667 3960 ἀλληλασυναγαγεῖν
687 3873 743 3938 καλ
760 3868 965 3961 συναρμόσαι
986 3866 1024 3939 οὗ
1040 3873 1131 3941 πάνυ

99 3974 290 4059 πειθόμενα
308 3971 385 4043 οάδέ
402 3973 552 4065 εάμαρῶς
564 3971 742 4059 ἀνεχόμενα
753 3971 812 4062 τήν
824 3977 1004 4052 κοινωνίαν,
1035 3975 1131 4045 δέδια
1148 3997 1164 4048 τ

100 4080 208 4146 τοίνυν
220 4075 266 4167 μή
282 4067 384 4158 αὖθις
397 4071 513 4164 ὅμοιόν
525 4103 561 4147 τι
571 4082 618 4166 τηῖ
628 4083 805 4168 Προμηθεῖ
814 4082 862 4167 τῷ
877 4083 925 4168 σηῖ
938 4074 1129 4167 πεποιηκὼς

154 4210 156 4216 -
1219 4222 1221 4227 .
1342 4194 1344 4235 ι

1306 4257 1309 4264 ’
1342 4260 1344 4343 Ι
