2722 4646
452 220 487 278 v.
509 220 645 276 ΤΙΜΩΝ
662 222 765 279 ε-ιι.
1078 212 1120 281 33

81 324 320 418 όπεροπτικιῦς
340 322 658 417 παρίρχονταιαούδὲ
683 322 853 414 τοάνομαζ
871 325 902 398 εἰ
926 332 1035 415 Τίμων
1060 354 1121 397 κα-

82 435 187 511 λοῖτο,
209 430 344 510 εἰδότες.
768 506 771 509 Α

134 541 243 596 ΖΕΥΣ.
278 534 345 601 Καὶ
361 531 425 621 μὴν
447 528 486 599 ού
509 537 701 621 παροπτέος
722 529 803 623 ἀνήρ
825 531 903 601 ούδέ
926 530 1118 624 ἀμελητέος·
1138 556 1153 605 9

84 635 223 714 εἰκότως
245 632 308 724 γὰρ
330 630 504 723 ἠγανάκτει
530 636 712 719 δυστυχῶν·
739 634 814 702 ἐπεὶ
835 639 891 703 καὶ
918 633 1019 721 ὅμοια
1040 663 1122 705 ποι-

83 737 209 828 ήσομεν
235 749 307 817 τοῖς
331 736 529 824 καταράτοις
550 738 682 820 κόλαξιν
709 736 844 818 ἐκείνοις
870 737 1122 826 ἐπιλελησμένοι

83 838 207 928 ἀνδρὸς
224 845 370 907 τοσαῦτα
386 844 489 927 μηρία
506 840 635 929 ταύρων
648 844 752 908 τεκαὶ
767 841 868 929 αέγιῦν
881 840 1027 908 πιότατα
1040 841 1122 908 καύ-

83 967 206 1022 σαντος
227 938 306 1031 ἡμῖν
328 939 468 1011 ἐπὶτῶν
488 947 624 1027 βωμῶν·
652 943 701 1010 ἐτι
722 950 799 1031 γοῦν
821 941 854 1010 ἐν
876 956 949 1022 ταῖς
972 944 1040 1032 ῥισὶ
1062 942 1119 1031 τήν

83 1057 200 1113 κνῖσαν
228 1040 336 1111 αύτιῦν
362 1043 436 1126 ἐχω.
475 1042 560 1132 πλήν
582 1041 638 1113 ἀπ’
654 1043 811 1129 ἀσχολίας
833 1070 870 1113 τε
891 1047 947 1112 καὶ
968 1045 1117 1131 θορύβου

82 1150 213 1216 πολλοῦ
231 1152 298 1215 τῶν
317 1144 556 1233 ἐπιορκούντων
578 1150 633 1214 καὶ
653 1150 855 1234 βιαζομένων
876 1151 932 1215 καὶ
955 1145 1120 1236 ἁρπαζόν-

82 1276 164 1331 των,
199 1249 249 1316 ἐτι
276 1249 312 1316 δὲ
338 1251 393 1315 καὶ
420 1249 529 1337 φόβου
556 1255 615 1317 τού
645 1249 739 1340 παρὰ
768 1258 834 1319 τῶν
866 1251 1119 1340 ἱεροσυλούντων
1148 1304 1154 1311 .

83 1391 126 1409 —-
143 1353 268 1420 πολλοὶ
284 1349 345 1438 γάρ
365 1341 458 1419 οὗτοι
474 1354 530 1418 καὶ
549 1353 774 1442 δυσφύλακτοι
786 1356 842 1420 καὶ
856 1349 932 1420 ούδέ
946 1350 996 1420 ἐπ’
1009 1351 1119 1440 ὀλίγον

83 1455 275 1538 καταμύσαι
295 1450 373 1541 ήμῖν
396 1452 571 1542 ἐφιᾶσι-
590 1453 695 1523 πολὺν
716 1454 777 1543 ήδη
798 1456 915 1541 χρόνον
938 1453 1014 1522 οὐδὲ
1037 1453 1122 1522 ἀπέ-

81 1560 198 1644 βλεψα
217 1554 250 1634 ἐς
266 1553 325 1643 τήν
339 1553 490 1644 Ἀττικὴν,
513 1560 568 1623 καὶ
585 1558 731 1643 μάλιστα
749 1557 785 1640 ἐξ
802 1550 840 1626 ού
860 1561 1046 1648 φιλοσοφία
1063 1561 1120 1624 καὶ

82 1659 203 1746 λόγων
216 1657 321 1748 ἐριδες
343 1658 555 1726 ἐπεπόλασαν
579 1658 706 1741 αύτοῑς·
732 1667 923 1746 μαχομένων
944 1660 1006 1748 γὰρ
1032 1659 1119 1749 πρὸς

84 1761 249 1850 ἀλλήλους
266 1764 322 1827 καί
338 1762 540 1849 κεκραγότων
559 1758 636 1828 οὐδὲ
653 1762 826 1831 ἐπακούειν
841 1764 911 1832 ἐστι
923 1772 988 1831 τῶν
1003 1760 1117 1845 εύχιῦν·

2 1856 4 1913 *³
85 1859 174 1932 ὥστε
191 1861 214 1951 ή
233 1864 475 1948 ἐπιβυσάμενον
490 1862 551 1952 χρὴ
569 1861 611 1932 τά
631 1855 701 1931 ιύτα
718 1872 896 1954 καθήσδαι
912 1864 933 1953 ἢ
949 1865 1119 1953 ἐπιτριβή-

57 2012 60 2017 -
85 1992 145 2035 ναι
161 1964 245 2055 πρὸς
263 1964 379 2048 αύτιῦν,
400 1963 516 2054 ἀρετήν
533 1993 606 2034 τινα
618 1970 675 2035 καὶ
689 1965 850 2052 ἀσώματα
862 1972 918 2035 καί
930 1970 1048 2057 λήρους
1060 1991 1119 2052 με·

86 2069 170 2157 γάλη
191 2076 230 2157 τῇ
255 2075 348 2157 φωνῇ
372 2069 594 2158 συνειρόντων.
632 2069 689 2138 διὰ
715 2070 819 2138 ταῦτά
845 2097 900 2138 τοι
921 2073 977 2137 καὶ
1002 2076 1118 2136 τούτου

87 2168 297 2258 ἀμεληθῆναι
320 2176 436 2258 συνέβη
459 2169 545 2260 πρὸς
566 2170 658 2260 ήμῶν
681 2170 719 2240 ού
744 2176 871 2262 φαύλου
894 2169 982 2240 όντα.
1028 2167 1118 2255 ὅμως
1137 2193 1169 2240 10

87 2275 123 2342 δὲ
139 2272 198 2341 τὸν
215 2277 376 2354 Πλούτου,
402 2265 555 2362 ιάἙρμή,
580 2276 784 2364 παραλαβών
803 2271 909 2343 άπιδι
927 2272 1004 2362 παρ’
1019 2271 1118 2340 αὐτὸν

86 2375 169 2444 κατὰ
187 2377 302 2458 τάχος·
326 2374 430 2461 ἀγέτω
450 2378 486 2443 δὲ
504 2374 521 2444 ὃ
541 2381 688 2459 Πλοῦτος
705 2381 760 2445 καὶ
777 2377 835 2447 τὸν
854 2375 1021 2467 θησαυρὸν
1038 2374 1115 2461 μεθ’
1150 2418 1153 2427 ·

87 2477 189 2546 αύτού
207 2481 263 2544 καὶ
280 2485 465 2563 μενέτωσαν
483 2476 584 2567 ἀμφω
603 2480 696 2568 παρὰ
714 2487 760 2568 τῷ
780 2487 901 2566 Τίμωνι
915 2481 996 2568 μηδὲ
1010 2476 1120 2546 ἀπαλ-

85 2586 326 2650 λαττέσθωσαν
344 2578 430 2648 ούτω
450 2582 581 2669 ῥηιδίως,
601 2579 660 2648 κάν
674 2578 727 2649 ότι
740 2583 887 2667 μάλιστα
900 2578 966 2648 ἀπὸ
979 2574 1119 2668 χρηστό-

85 2710 184 2772 τητος
207 2674 309 2762 αὖθις
331 2682 468 2772 ἐκδιώκῃ
497 2680 616 2763 αύτούς
641 2690 699 2772 τῆς
727 2684 842 2763 οἰκίας.
886 2685 965 2770 περὶ
992 2684 1027 2748 δέ
1052 2689 1118 2748 τῶν

84 2788 234 2853 κολάκων
253 2784 381 2854 ἐκείνων
398 2789 453 2852 καὶ
467 2792 525 2874 τῆς
537 2783 739 2872 ἀχαριστίας,
758 2784 797 2873 ἢν
811 2784 1020 2866 ἐπεδείξαντο
1033 2782 1119 2873 πρὸς

2 2926 3 2939 1
87 2885 197 2967 αὐτὸν,
217 2890 272 2954 καὶ
291 2879 394 2967 αὖθις
406 2890 464 2973 μέυ
479 2895 647 2975 σκέψομαι
659 2892 714 2955 καὶ
728 2889 819 2976 δίκην
834 2876 1005 2968 διύσουσιν,
1026 2886 1118 2955 ἐπει-

2 2992 4 3053 ζ
86 2988 147 3058 όὰν
164 2987 223 3057 τὸν
235 2987 389 3076 κεραυνὸν
404 2988 627 3058 ἐπισκευάσω·
644 2996 859 3079 κατεαγμέναι
872 2991 934 3079 γάρ
949 2988 1050 3056 αύτού
1063 2993 1118 3056 καὶ

83 3090 366 3177 ἀπεστομωμέναι
380 3091 445 3160 εἰσί
459 3093 517 3160 δύο
530 3091 656 3173 ἀκτῖνες
669 3094 705 3161 αἱ
716 3100 878 3182 μέγισται,
899 3089 1002 3161 ὁπότε
1021 3096 1119 3182 φιλο-

84 3196 260 3284 τιμότερον
276 3193 432 3283 ἠκόντισα
448 3198 562 3284 πρῴην
581 3195 638 3264 ἐπὶ
651 3194 707 3265 τὸν
722 3195 883 3286 σοφιστήν
892 3193 1127 3285 Ἀναξαγόραν,

87 3295 125 3375 ὃς
134 3296 340 3377 ἐπειθετούς
350 3293 508 3387 ὁμιλητάς
521 3300 604 3386 μηδὲ
619 3295 704 3378 όλως
717 3295 801 3367 εἶναι
813 3295 900 3387 ήμάς
913 3296 991 3379 τούς
1004 3299 1116 3376 θεούς.

88 3395 157 3465 ἀλλ’
175 3396 296 3466 ἐκείνου
318 3402 378 3485 μὲν
400 3401 587 3488 διήμαρτον,
611 3440 654 3451 -
675 3398 835 3490 ύπερέσχε
856 3399 917 3490 γὰρ
941 3398 1042 3468 αὐτοῦ
1059 3397 1117 3485 τήν

83 3513 181 3586 χεῖρα
204 3502 425 3588 Περικλῆς-
448 3500 465 3570 ὁ
490 3504 526 3570 δέ
547 3502 701 3598 κεραυύδς
723 3503 756 3582 ἐς
772 3501 811 3570 τὸ
830 3501 985 3571 Ἀνάκειον
1007 3526 1117 3588 παρα-

87 3604 221 3690 σκήψας
244 3601 345 3670 ἐκεῖνό
368 3627 404 3669 τε
425 3609 601 3694 κατέφλεξε
621 3608 678 3672 καὶ
699 3602 799 3685 αύτδς
821 3602 932 3690 όλίγου
957 3605 1118 3687 δεῖνσυν-

85 3711 200 3795 ετρίβη
219 3708 297 3794 περὶ
314 3711 353 3795 τῇ
372 3710 488 3793 πέτρην.
523 3707 607 3794 πλὴν
627 3705 717 3796 ἱκανή
736 3705 769 3774 ἐν
786 3707 933 3792 τοσούτῳ
956 3708 1012 3773 καὶ
1034 3701 1116 3793 αὕτη

78 3813 232 3901 Ιτιμωρία
259 3807 353 3876 ἐσται
379 3804 505 3888 αὐτοῖς,
533 3808 563 3876 εἰ
588 3805 879 3899 ὑπερπλουτοῦντα
904 3805 961 3876 τὸν
985 3815 1117 3895 Τίμωνα

84 3906 222 4000 όρῶσιν.

137 4020 225 4075 EPM·
263 4010 338 4081 θίαν
359 4013 398 4102 ήν
423 4012 462 4083 τὸ
484 4018 569 4104 μέγα
590 4018 778 4104 κεκραγέναι
799 4015 854 4082 καὶ
877 4010 1014 4106 ἀχληρδν
1032 4012 1116 4083 εἶναι
1134 4035 1164 4084 11

141 4115 236 4161 λκοίωιί
249 4114 318 4162 nom.
889 4142 890 4145 =
928 4115 946 4173 3
