2752 4632
283 306 288 315 ,
411 262 476 323 XV.
502 263 663 318 ΑΛῙΕΥΣ
684 262 804 319 11—14.
1061 255 1124 321 211

91 370 235 460 πλησίον
245 363 473 456 τσῦςπένητας
481 374 549 435 τῶν
559 367 707 454 ἐραστῶν
718 366 796 437 οῦδὲ
802 370 1024 457 προσέβλεπε.
1042 375 1130 449 πολ·

92 471 185 552 λόκις
203 472 240 538 δὲ
256 473 312 538 καί
327 474 558 560 ’γυμνωθείσης
576 468 676 560 αῦτής
694 469 778 541 κατὰ
793 469 833 540 τό
847 468 1001 543 όικοῦσιον
1015 474 1130 566 ἐώρων

91 576 291 665 περιδέραια
312 580 420 663 χρυσᾶ
440 579 507 666 τῶν
527 577 647 647 κλοιῶν
668 576 849 666 παχύτερα.
886 572 945 651 ἐπὶ
961 568 1128 648 πόδαδοῦν

93 668 135 746 οῦ
153 673 255 759 εὐθὺς
273 672 472 766 ἀνέστρεφον
484 674 646 767 οἰκτείρας
660 676 783 767 δηλαδή
796 676 875 760 τοὺς
887 680 1130 766 κακοδαίμονας

92 778 233 859 ἐκείνους
247 775 286 847 οῦ
297 785 357 870 τῆς
369 778 472 871 ῥινὸς,
492 776 578 847 ἆλλδι
588 786 649 847 τοῦ
662 780 824 868 πώγωνος
837 780 1032 867 ἑλκομένους.
1041 782 1128 873 πρὸς

91 879 193 972 αὐτῆς
204 885 260 949 καὶ
272 881 357 950 κατὰ
369 879 547 964 τὸνἿξίονα
555 882 684 971 εἰδώλῳ
695 880 769 952 ἀντὶ
781 880 945 974 τήςἮρας
959 878 1126 966 όυνόντας.

142 1001 254 1056 ΠΛΑΤ.
292 991 394 1052 Τοῦτο
411 985 470 1070 μὲν
488 981 603 1074 ὀρθῶς
625 984 857 1067 ἔλεξαςοῦδέ
878 985 941 1075 γὰρ
959 989 1129 1076 πρόδηλος
1150 1006 1184 1055 13

91 1085 170 1155 ιώδέ
195 1093 282 1161 πᾶσι
307 1087 472 1176 γνώριμος
498 1084 517 1176 ή
544 1088 645 1179 θύρα.
681 1087 766 1178 πλήν
792 1085 877 1158 ἀλλὰ
899 1087 994 1159 οῦδὲν
1017 1092 1127 1180 δεήσει

86 1191 235 1280 βαδίζειν
253 1188 311 1256 έπὶ
328 1188 385 1277 τὴν
404 1189 523 1261 οἰκίαν·
543 1189 691 1259 ἐνταῦθα
707 1190 769 1279 γὰρ
789 1191 822 1259 ἐν
831 1191 1128 1281 Κεραμεικώ»ῦπο«

85 1299 250 1380 μενοῦμεν
276 1287 386 1380 αῦτήν.
422 1288 503 1381 ήδέ
530 1289 591 1381 ήδη
618 1320 684 1361 που
708 1291 864 1384 ἀφίξεται
886 1294 1070 1365 ἐπανιοῦσα
1093 1297 1129 1378 ἐξ

83 1392 313 1482 Ἀκαδημείας,
342 1391 388 1474 ῶς
405 1396 644 1484 περιπατήσειε
665 1399 721 1464 καὶ
738 1396 772 1465 έν
788 1404 828 1486 τῇ
846 1401 1000 1488 Ποικίλῃ·
1026 1406 1125 1466 τοῦτο

87 1496 253 1623 ὁσημέραι
270 1510 382 1564 ποιεῖν
399 1497 481 1578 ἐθσς
499 1496 596 1587 αὐτῇ·
617 1502 742 1584 μᾶλλον
760 1501 797 1567 δὲ
814 1494 876 1588 ήδη
894 1506 1125 1625 προσέρχεται.

86 1596 172 1723 δρᾷς
189 1596 247 1688 τ’ήν
264 1599 415 1684 κόσμιον,
431 1598 499 1769 ὶτήν
522 1596 591 1668 ἀπὸ
613 1608 672 1668 τοῦ
691 1602 868 1690 σχήματος,
897 1602 955 1691 τήν
976 1610 1126 1694 προσηνῆ

84 1700 123 1773 τὸ
145 1704 290 1788 βλέμμα,
309 1700 429 1791 τὴνέπ
402 1705 573 1771 πίσυννοί
573 1730 594 1793 ρ
611 1701 718 1792 ἠρέμα
733 1705 814 1791 βαδί
815 1705 949 1786 ζουσαν,·
1074 1773 1075 1777 ,

140 1819 254 1875 ΔΟΥΚ.
291 1802 462 1885 Πολλὰς“
445 1811 524 1890 ομοί
525 1830 563 1885 ας
586 1802 654 1894 ὁρῶ
676 1805 715 1873 τό
737 1832 774 1873 τε
796 1813 904 1896 σχήμα
925 1812 981 1876 καὶ
1002 1836 1040 1876 το
1027 1806 1125 1895 βό-

85 1907 193 1992 δισμα
210 1905 315 1974 καί
281 1934 340 1995 την
357 1904 529 2034 ἀναβολήν.
556 1913 665 1977 καίτοι
677 1914 740 1994 μία
757 1909 891 1990 πάντως
907 1907 930 1998 ή
945 1936 982 1999 γε
996 1908 1048 1977 ῦλι
1046 1909 1126 1999 γθής

86 2012 279 2099 Φιλοσοφία
244 2008 386 2078 ίαέστλν
405 2009 495 2080 ἐν
456 2023 582 2092 αοταῖς

138 2127 252 2185 HAAT
285 2102 336 2180 Εῦ
358 2114 472 2201 λέγεις.
517 2111 601 2182 ἀλλὰ
624 2109 810 2204 δηλώσει“
787 2141 860 2204 ητις
882 2113 953 2183 ἐστὶ
975 2062 1125 2206 φθεγξα-

83 2222 168 2304 μένη
185 2215 297 2299 μόνον.

141 2333 216 2388 ΦΙΔ,
251 2329 385 2386 Παπαῖ·
402 2347 422 2387 τ
424 2320 588 2390 ίΠλάτων
605 2346 660 2387 και
649 2320 905 2411 Χρυσιππος
889 2318 957 2388 α’νω
975 2347 1032 2390 και
1020 2318 1125 2409 Αρι-
1143 2344 1176 2394 14

84 2423 244 2509 ποτέλης
259 2424 316 2488 καὶ
333 2420 368 2489 ολ
385 2417 480 2491 ἄλλοι
497 2425 631 2506 πάντες,
656 2420 740 2491 αῦτόι
758 2421 796 2513 δή
814 2422 857 2493 τδι
874 2425 1041 2513 κεφάλαιά
1058 2451 1123 2509 μου

82 2630 154 2695 τῶν
178 2626 284 2710 κότω,·
311 2623 533 2752 ὀργιζομένοις
558 2634 636 2715 γοῦν
658 2627 795 2695 ἐοίκατε.
830 2631 885 2695 καὶ
908 2634 982 2696 τίνα
1007 2636 1123 2696 τοῦτον

83 2726 345 2813 συλλαβόντες”
322 2755 431 2816 αγετε,·
456 2757 476 2819 η
492 2756 562 2799 που
579 2731 790 2821 τυμβωρύχος
811 2755 864 2810 τις
880 2727 901 2891 ή
920 2728 1125 2821 ἀνδροφόνος

81 2828 309 2921 ἢὶερόσυλός
317 2830 409 2960 ἐστιγ)
497 2886 499 2897 .
1147 2856 1176 2895 ’.

138 2950 251 3005 ΠΑΑΤ
284 2934 335 3023 Νή
354 2933 421 3018 Δί’,
451 2963 478 3002 ω
464 2926 666 3025 ςῶτλοσσφί
666 2960 700 3019 α,
728 2937 863 3005 πόντων
884 2962 922 3026 γε
946 2937 1125 3027 ἱεροσύλων

82 3033 361 3123 ἀσεβέστατος,
350 3037 388 3118 δς
404 3037 461 3128 τήν
481 3040 660 3129 ἱερωτάτην
678 3039 715 3108 σί
732 3046 840 3121 κακῶς
858 3037 1030 3130 ἀγορεύειν
1045 3039 1123 3108 ἐπι

5 3182 7 3187 .
79 3145 216 3228 γείρησε
231 3142 287 3209 καί
305 3137 392 3229 ήμῦις
406 3137 569 3224 ἅπαντας,
589 3139 713 3210 ὁπόσοι
725 3169 759 3211 τι
771 3139 866 3231 παρὰ
880 3167 941 3211 σου
927 3143 1123 3229 μαθόντες

81 3254 158 3322 τοῖς
175 3241 253 3328 μεθ’
269 3241 355 3333 ήμᾶς
372 3246 664 3330 καταλελοίπαμεν.

139 3362 213 3416 ΦΙΛ.
256 3344 343 3419 Εἶτα
368 3342 611 3436 ἠγανακτήσατε
632 3346 911 3435 λοιδορησαμένου
933 3345 1036 3428 τινὸς,
1066 3348 1122 3412 καί

52 3465 54 3469 ’
81 3455 192 3521 ταῦτα
208 3449 335 3531 εἰδότες
353 3448 424 3535 ἐμὲ,
445 3447 502 3518 οἶα
518 3446 604 3540 πρὸς
621 3455 679 3538 τῆς
696 3451 884 3537 Κωμῳδίας
901 3445 1069 3516 ἇκοόουοα
1088 3446 1122 3515 ἐν

81 3564 158 3632 τοῖς
166 3560 355 3634 Διονυσίοις
373 3549 464 3639 ὅμως
481 3557 579 3644 φίλην
596 3578 632 3621 τε
650 3549 750 3641 αῦτήν
762 3547 885 3641 ήγημαι
897 3554 952 3619 καὶ
966 3547 1041 3620 οῦτε
1055 3549 1122 3619 ἐδι-

81 3656 236 3746 κασάμην
250 3656 326 3725 οῦτε
338 3653 523 3747 ᾐτιασάμην
536 3659 790 3746 προσελθοῦσα,
810 3653 929 3745 ἐφίημι
942 3655 978 3722 δὲ
990 3654 1121 3735 παίζειν

58 3826 60 3829 .
81 3755 129 3826 τδι
147 3759 258 3827 εἰκότα
275 3763 331 3828 καὶ
347 3759 390 3828 τὰ
408 3760 536 3849 συνήθη
554 3767 594 3850 τῇ
612 3758 725 3850 ἐορτῇ,·
753 3754 830 3827 οίδα
850 3755 913 3847 γὰρ
936 3754 982 3837 ῶς
1000 3753 1059 3825 οῦκ
1082 3751 1121 3823 όν

80 3887 119 3933 τι
135 3857 204 3930 ὑπὸ
223 3864 420 3948 σκώμματος
437 3875 549 3954 χεῖρον
565 3867 706 3951 γένοιτο,
730 3859 815 3929 ἀλλὰ
832 3854 1119 3947 τοῦναντίονόπερ

81 3959 126 4032 ἂν
146 3955 169 4055 ᾖ
190 3964 303 4050 καλὸν,
332 3962 445 4058 ῶσπερ
468 3965 507 4035 τὸ
527 3972 663 4056 χρυσίον
685 3963 926 4052 ἀποσμώμενον
947 3977 1019 4044 τοῖς
1038 3962 1121 4049 κόμ-

77 4091 169 4157 μασι
186 4070 418 4161 λαμπρότερον
434 4066 632 4160 ἀποστίλβει
649 4073 704 4138 καὶ
722 4070 949 4227 φανερώτερφρ
966 4074 1118 4158 γίγνεται.
