2724 4634
336 238 375 296 x
399 239 611 297 αοτυτκοι
631 241 842 299 οταοουοι
863 243 887 298 ο.
901 241 925 325 τ.
1082 230 1144 307 121

107 346 266 438 ἐρῶντες,
290 346 346 413 καί
362 345 507 430 μάλιστα
524 344 555 413 εἰ
572 341 700 417 ἀτεκνοι
717 343 789 428 εἶεν,
810 346 843 417 οἱ
860 347 896 415 δέ
914 345 1052 417 ἐντεκνοι
1068 344 1145 434 ὑμῖν

109 448 302 539 ἀνέραστοι.
346 454 459 537 καίτοι
481 451 600 519 πολλοὶ
625 447 687 538 ἤδη
713 449 978 543 τῶνέρωμένιυν,
999 456 1146 532 συνέντες

109 550 209 639 ὖμῶν
225 549 285 641 τὴν
302 556 503 640 πανουργίαν
519 558 579 619 τοῦ
596 550 731 638 ἐρωτος,
752 549 791 640 ἢν
808 555 864 619 καὶ
880 552 1002 635 τύχωσι
1018 556 1149 635 παῖδας

110 656 257 741 ἐχοντες,
277 660 385 740 μισεῖν
400 650 518 745 αῦτοῦς
529 655 743 745 πλάττονται,
764 650 809 734 ῶς
821 656 876 723 καὶ
894 653 989 727 αὐτοὶ
1007 654 1146 744 ἐραστὰς

111 760 250 844 ἐγωσιν·
279 754 350 827 εἶτα
372 755 405 824 δν
431 764 505 837 ταῖς
530 758 710 863 διαθήκαις
736 754 1040 886 ἀποκλείσθησανγ
1042 759 1086 824 ιὲν
1113 758 1146 825 αἱ

111 861 227 930 πάλαι
245 860 542 950 δορυφορήσαντες,
567 856 645 929 όδὲ
629 862 748 940 ὲπαῖς
769 862 825 929 και
845 856 865 946 ἡ
888 860 1002 955 φάσις,
1031 855 1146 946 ῶσπερ

113 961 189 1033 ἐστὶ
211 964 349 1042 δίκαιον,
375 968 533 1052 κρατοῦσι
553 962 696 1046 πάντων,
725 962 758 1032 οἱ
780 959 855 1034 δέ
837 968 1044 1052 υποπρίουσι
1067 961 1147 1089 τοῦς

113 1063 258 1144 ὀδόντας
277 1061 530 1155 ἀποσμυγέντες

1 1247 2 1254 η
169 1175 276 1230 ΤΕΡΦ.
307 1163 427 1294 Αληθῆ
445 1174 550 1234 ταῦτα
568 1167 647 1255 φῄς·
671 1166 751 1251 ἐμοῦ
768 1173 845 1254 γοῦν
864 1128 1038 1256 Θούκριτος
1055 1166 1181 1238 πόσαι

1 1319 2 1360 3
112 1266 351 1358 κατέφαγεν’
331 1271 385 1335 αεὶ
414 1269 638 1392 τιθγήξοσθαι
668 1269 772 1339 δοκῶν
789 1267 896 1363 καί(
880 1271 982 1342 οπότε
1010 1270 1147 1355 είσίυιμι

1 1379 2 1402 ¹
111 1370 307 1440 ὑποστένων
320 1373 376 1437 καὶ
388 1371 505 1456 μύχιόν
522 1396 556 1437 τι
572 1371 728 1458 καθάπερ
748 1369 824 1453 ἐξ’
800 1379 866 1459 φοῦ
883 1369 1013 1452 νεοττὸς
1032 1368 1147 1459 ἀτελὴς

111 1471 328 1562 ὑποκρώζων,
353 1468 429 1539 ὥστ’
451 1472 550 1559 ἐγωγε
568 1468 646 1540 ὅσον
666 1470 782 1542 αὐτίκα
804 1475 956 1559 οἰόμενος
977 1474 1147 1563 ἐπιβήσειν
1170 1510 1180 1545 .·

115 1574 219 1644 αῦτὸν
232 1582 290 1662 τῆς
305 1580 404 1663 σοροῦ
418 1573 568 1659 ἐπεμπόν
580 1600 615 1642 τε
630 1574 751 1658 πολλὰ,
772 1573 817 1655 ῶς
829 1576 875 1665 μὴ
888 1574 1146 1663 ὑπερβάλλοιντό

1 1739 2 1768 η
114 1704 158 1764 με
187 1677 221 1745 οἱ
247 1674 442 1765 ἀντερασταὶ
467 1682 507 1766 τῇ
532 1678 774 1766 μεγαλοδωρίφ,
805 1677 923 1745 καὶτὰ
945 1677 1055 1747 πολλὰ
1079 1675 1147 1754 ἀπὸ

115 1780 305 1871 φροντίδων
333 1775 497 1867 ἀγρυπνος
523 1777 651 1867 ἐκείμην
676 1777 832 1865 ἀριθμῶν
854 1780 975 1848 ἕκαστα
996 1785 1052 1849 καὶ
1076 1784 1148 1857 δια-

114 1884 255 1951 τάττων.
291 1887 394 1949 ταῦτα
415 1886 492 1967 γοῦν
512 1906 572 1965 μοι
593 1883 648 1948 καί
669 1887 729 1949 τοῦ
747 1878 933 1951 ἀποθανεῖν
950 1883 1041 1950 α’ίτια
1058 1890 1148 1970 γεγέ,

115 2011 228 2075 νηται,
249 1980 412 2072 ἀγρυπνία
424 1985 479 2050 καὶ
492 1985 678 2072 φροντίδες·
697 1980 715 2050 ὁ
731 1984 767 2051 δέ
780 1984 938 2051 τοσοῦτόν
955 2010 1015 2069 μοι
1032 1985 1146 2074 δέλεαρ

116 2085 292 2156 καταπιῶν
310 2084 495 2173 ἐφειστήκει
513 2092 716 2174 θαπτομένῳ
734 2087 848 2174 πρῴην
867 2085 1036 2173 ἐπιγελῶν.
1236 2074 1240 2082 “

170 2195 308 2251 ΠΛΟΥΤ.
333 2179 446 2274 Εὖγε,
467 2178 671 2277 ῶθοῦκριτε,
692 2190 789 2271 ζώοις
804 2188 859 2256 ἐπὶ
871 2190 1029 2276 μήκιστον
1043 2191 1147 2259 πλον·
1165 2197 1194 2263 5'

116 2298 185 2361 τῶν
205 2286 274 2375 ἀμα
291 2293 347 2357 καὶ
363 2297 429 2358 τῶν
445 2291 606 2358 τοιοῦτων
622 2296 816 2378 καταγελῶν,
835 2293 918 2379 μηδὲ
931 2292 1093 2382 πρότερόν
1110 2317 1147 2379 γε

118 2394 159 2464 σὺ
181 2388 371 2471 ἀποθάνοις
388 2388 409 2479 ἢ
427 2398 634 2481 προπέμψας
651 2395 779 2474 πάντας
794 2393 872 2474 τοὺς
888 2395 1038 2475 κόλακας.

172 2504 277 2559 mm.
314 2501 416 2563 Τοῦτο
434 2496 502 2581 μέν,
523 2486 549 2561 ῶ
567 2496 733 2576 Πλούτων,
756 2499 812 2563 καί
830 2496 904 2580 ἐμοὶ
921 2493 1057 2584 ἥδιστον
1073 2496 1146 2586 ἤδη,

117 2599 150 2668 εί
168 2601 226 2669 καὶ
241 2598 432 2686 Χαροιάδης
449 2597 713 2721 προτεθνήξεται
731 2604 917 2683 θουκρίτου.

172 2707 309 2763 ΠΛΟΥΤ.
346 2699 477 2787 θάρρει,
498 2690 525 2765 ῶ
542 2703 707 2787 Τερψίων·
724 2703 781 2766 και
795 2698 997 2790 Φείδωνγαρ
1014 2702 1070 2767 καί
1081 2705 1150 2771 Μέ

119 2806 248 2883 λανθος
265 2803 320 2869 καί
337 2797 463 2880 ὅλως”
440 2824 584 2882 απαντες
600 2799 913 2905 προείεόσονται’
874 2809 975 2871 αυτοῦ
993 2800 1060 2871 ὑπὸ
1074 2815 1149 2883 ταῖς

117 2902 239 2984 αάταῖς
257 2909 437 2995 φροντίσιν.

174 3015 278 3070 ΤΝΡΨ.
301 3003 443 3076 Ἐπαινῶ
452 3013 567 3075 ταῦτα.
586 3006 712 3088 ξείνις’
697 3009 755 3075 επὶ
766 3008 932 3097 μήκιστον,
947 2999 1147 3105 ῶθοόκριτε.

610 3193 635 3247 ι.

252 3252 553 3352 τααοοοατατ
573 3294 651 3351 KAI
671 3295 1020 3355 Καουτοαυιιοου.

176 3424 260 3481 ΖΗΝ.
294 3415 342 3491 Σδ
357 3419 406 3499 δέ,
426 3408 705 3505 ῶΚαλίιδημίδη,
724 3423 800 3496 πῶς
813 3414 996 3501 ἀπέθανεςς
1015 3376 1150 3505 ἐγὼμὲν
1169 3438 1183 3485 1

123 3517 185 3608 γὰρ
201 3516 252 3589 ότι
265 3520 450 3610 παράσιτος
464 3516 509 3588 ῶν
522 3508 652 3587 Δεινίου
670 3521 771 3586 πλέον
787 3526 846 3588 τοῦ
866 3520 976 3587 ἱκανοῦ
995 3517 1150 3607 ἐμφαγὼν
1249 3583 1256 3596 ,

16 3646 21 3657 ⁸
125 3620 309 3710 ἀπεπνίγην
327 3619 447 3690 οἶσθα·
468 3627 633 3710 παρῆσθα
649 3620 710 3708 γὰρ
730 3617 977 3709 ἀποθνήσκοντί
993 3646 1062 3707 μοι.

136 3781 140 3786 .
176 3732 286 3789 ΚΑΑΛ.
306 3730 429 3812 Παρῆν,
436 3714 691 3847 ῶΖηνόφαντε·
708 3721 752 3791 τὸΙ
763 3721 794 3792 δ’
813 3722 893 3808 ἐμὸν
909 3723 1100 3811 παράδοξόν
1116 3748 1151 3791 τι

123 3825 263 3915 ἐγένετο.
291 3852 308 3894 ο
311 3824 396 3896 ἶσθα
408 3824 470 3915 γὰρ
487 3829 543 3894 καὶ
561 3826 599 3893 σά
617 3850 687 3895 που
700 3823 959 3916 Πτοιόδωρον
926 3851 983 3897 τον
1000 3830 1151 3916 γέροντας

176 3937 263 3994 ΖΗΝ.
300 3928 390 4000 Τδν’
376 3927 516 4015 άτεκνον,
534 3926 591 3997 τὸν
604 3920 820 4013 πλούσιον,
793 3955 820 4018 φ
836 3948 874 3999 σε
885 3956 927 3999 τα
912 3926 1053 3997 πολλὰ
1061 3923 1153 4018 ᾔδειν

87 4068 95 4083 ’
125 4032 275 4103 συνόντα.
