2722 4646
215 188 259 256 48
600 199 857 259 ΔΟΥΚΙΑΝΟΥ

268 311 359 371 ΔΗΜ.
393 301 579 394 Μίτρια
541 331 586 374 τα
606 308 687 395 περὶ
708 311 831 374 σαυτοῦ
854 300 1013 392 λέγεις,
994 305 1130 394 ημεῖςδ
1131 300 1274 390 δάχά·

169 431 326 496 ριστοι
343 402 383 476 ἀν
402 406 511 495 ε’ίημεν
530 404 797 495 ἀμνημονοῦντες
826 405 899 475 ’ἔτι
918 409 953 475 δὲ
970 411 1025 475 καὶ
1043 413 1136 497 ψηφί
1136 434 1250 493 σματοι

211 508 373 601 ’γράφων
390 512 446 579 καὶ
465 510 695 596 συμβουλεύων
712 513 767 578 καὶ
786 515 972 598 στρατηγῶν
992 507 1029 577 ού
1042 509 1144 600 μικρὰ
1158 508 1251 600 ἀφέ-

211 610 370 702 “λησε
335 638 394 702 την
416 614 529 681 πόλιν·
566 611 623 680 ἐπὶ
640 615 772 694 τούτοις
790 608 899 681 ἀποστ
917 613 1068 696 δεδόχθω
1087 639 1126 702 τῃ
1111 617 1250 703 βουλῇ

211 712 291 787 “nal
308 742 354 804 τιμ
340 715 467 804 δήμφ
485 717 542 783 καὶ
558 743 597 805 τῃ
583 712 741 805 Ἡλιαίᾳ
758 741 840 783 κατα
826 712 965 804 φυλὰς
977 718 1116 796 καὶτοῖς
1130 716 1251 804 δήμοις

212 815 307 907 “ἰδίφ
320 820 376 885 καὶ
388 823 480 908 κοινῇ
493 824 580 889 πᾶσι
590 823 732 906 χρυσοῦν
746 813 929 906 ἀναστῆσαι
941 815 997 886 τὸν
1010 823 1141 902 Τίμωνα
1153 816 1251 908 παρὰ

212 917 440 1009 “τή’ν31θηνᾶν
454 918 486 991 ἒν
499 927 539 1009 τῇ
554 916 742 1010 ἀκροπόλει,
762 918 915 1008 κεραυνὸν
929 919 961 989 ῦν
974 927 1013 1010 τῇ
1028 922 1120 1010 δεξιᾷ
1134 921 1251 1004 ’έχοντα

212 1019 291 1090 “nal
305 1019 438 1103 ἀκτῖνας
452 1021 538 1091 ἑπτὰ
551 1027 629 1110 περὶ
641 1031 681 1113 τῇ
695 1026 834 1112 κεφαλῇ,
854 1026 909 1090 καί
923 1029 1134 1112 στεφανῶσαι
1148 1020 1251 1092 αὐτὸν

211 1123 369 1214 “χρυσοῖς
383 1125 559 1214 στεφάνοις
572 1129 628 1193 καὶ
640 1123 903 1214 ἀνακηρυχθῆναι
911 1124 988 1205 τούς
999 1125 1182 1214 στεφάνους
1190 1127 1250 1214 τή-

213 1225 336 1317 (ῑμερον
355 1234 543 1308 Διονυσίοις
560 1231 742 1318 τραγῳδοῖς
759 1240 884 1307 καινοῖς
901 1267 944 1278 -
962 1225 1105 1315 ἀχθῆναι
1122 1226 1183 1314 γὰρ
1204 1225 1246 1296 δι’

212 1327 336 1398 (τοῦτὸν
355 1332 408 1398 δεῖ
423 1330 562 1421 τήμερον
579 1329 622 1399 τὰ
634 1333 804 1399 Διονύσια.
818 1369 861 1380 -
879 1327 953 1399 εἷπε
965 1329 1027 1417 τήν
1040 1330 1169 1418 γνώμην
1181 1340 1250 1417 Δη-

211 1429 319 1516 “μεάς
340 1428 359 1500 δ
383 1433 506 1522 ῥήτωρ,
535 1431 687 1521 συγγενής
709 1430 810 1501 αὐτοῦ
833 1430 1003 1520 ἀγχιστεὺς
1020 1435 1075 1501 καὶ
1092 1431 1248 1521 μαθητής

212 1530 297 1603 “ὠ’ν·
315 1538 370 1603 καλ
383 1534 446 1622 γὰρ
464 1537 572 1624 ῥήτωρ
590 1532 725 1624 ἀριστος
744 1532 762 1603 ό
780 1541 887 1620 Τίμων
904 1532 1017 1601 καὶτὰ
1036 1530 1119 1600 ἀλλα
1137 1535 1249 1601 πάντα

165 1658 198 1708 ⁶2
212 1633 352 1707 “δπόσα
369 1634 409 1706 ἀν
428 1634 557 1727 ἒθέλη.”
587 1641 681 1707 τουτί
698 1640 758 1724 μὲν
776 1629 831 1707 σύν
850 1662 905 1705 σοι
921 1635 959 1704 τὸ
978 1637 1150 1726 ψήφισμα.
1183 1634 1257 1724 ἒχδι

216 1741 325 1813 δὲκαὶ
341 1737 399 1808 τόν
415 1738 488 1808 υἱὸν
507 1740 686 1830 ἐβουλόμην
710 1738 842 1831 ἀγαγεῖν
864 1738 958 1830 παρὰ
981 1741 1030 1823 σὲ,
1061 1739 1097 1808 δν
1120 1737 1178 1806 ἐπὶ
1199 1745 1247 1827 τῷ

216 1847 265 1931 σῷ
284 1839 422 1927 ὀνόματι
442 1848 572 1929 Τίμωνα
591 1841 755 1928 ὠνόμακα.

266 1953 345 2009 Tm
376 1951 467 2028 Πιῦς,
488 1935 516 2012 ὦ
533 1951 661 2034 Δημέα,
686 1945 723 2027 ὃς
741 1943 817 2013 οῦδὲ
834 1946 1033 2034 γεγάμηκας,
1056 1941 1122 2013 όσα
1137 1969 1175 2032 γε
1191 1946 1249 2012 καλ

215 2045 302 2137 ήμᾶς
320 2047 459 2132 εἰδέναι,·

267 2157 360 2213 ΔΗΜ.
376 2146 470 2218 Ἀλλὰ
481 2155 587 2237 γαμιῦ,
606 2147 645 2238 ἢν
664 2151 746 2237 διδηῦ
764 2147 860 2233 θεὸς,
880 2151 914 2230 ἒς
930 2156 1035 2218 νέωτα
1052 2153 1108 2218 καὶ
1123 2151 1249 2218 παιδο-

215 2252 403 2340 ποιήσομαι
419 2255 475 2319 καλ
491 2251 530 2318 τὸ
548 2253 828 2339 γεννηθησόμενον
841 2292 884 2304 —-
898 2250 995 2342 ἀρρεν
1011 2251 1080 2341 γὰρ
1093 2252 1187 2321 ἐ’σται
1205 2291 1248 2303 -

218 2360 351 2439 Τίμωνα
367 2349 429 2442 ήδη
448 2356 547 2421 καλῶ.
624 2410 626 2417 ,

264 2461 344 2518 ΤΙΜ.
381 2452 444 2524 Ούκ
466 2452 542 2524 οἶδα
569 2456 599 2524 εἰ
620 2470 735 2545 γαμεῖς
757 2457 819 2538 ἔτι,
856 2447 1016 2539 ὦοδτος,
1052 2457 1248 2546 τηλικαύτην

215 2554 295 2649 παρ’
315 2556 396 2643 ἐμοῦ
413 2558 539 2647 πληγήν
557 2560 742 2645 λαμβάνων.

266 2667 358 2725 ΔΗΜ.
386 2661 492 2746 θ’ίμοι,
511 2667 545 2729 τί
555 2668 655 2730 τοῦτο
660 2693 671 2746 ,·
688 2665 863 2750 τυραννίδι,
877 2668 994 2747 Τίμιον,
1006 2661 1183 2749 ἐπιχειρεῖς
1190 2664 1247 2729 καί
1354 2654 1355 2697 ³

213 2763 351 2888 νήστεις
362 2760 440 2843 τούς
455 2762 650 2852 ἐλευθέρους
663 2762 702 2832 ού
712 2772 871 2853 καθαριῦς
881 2764 1056 2855 ἐλεύθερος
1065 2761 1136 2833 οὐδ’
1145 2761 1249 2845 ἀστὸς
1354 2754 1355 2763 ¹

215 2862 277 2949 εύνς
304 2862 388 2934 ἀλλά
410 2864 568 2945 διόσεις
552 2891 585 2934 εν
606 2868 700 2951 τάχει
721 2866 778 2958 τήν
796 2869 886 2956 δίκην
903 2867 998 2936 τότε
1017 2863 1102 2934 ἀλλα
1118 2869 1174 2935 καί
1193 2863 1248 2935 ότι
1354 2916 1355 2955 3

213 2965 272 3057 τήν
290 2965 471 3057 ἀκρόπολιν
489 2966 680 3064 ἐνέπρησας.

164 3090 198 3143 οῖ
266 3077 345 3132 ΤΙΜ
377 3066 458 3139 Αλλ
475 3067 533 3138 οῦκ
554 3070 799 3160 ἐμπέπρησται,
825 3099 851 3139 ω
837 3063 981 3162 ’μιαρὲ
1004 3050 1247 3161 ήάκρύπολις·

216 3167 302 3242 ιδστε
320 3172 419 3262 δῆλος
436 3170 467 3242 εί
484 3182 708 3262 συκοφαντεῖν.

265 3283 356 3338 ΔΗΜ.
376 3272 471 3344 Αλλὰ
488 3303 545 3343 και
533 3275 767 3357 πλουτεῖς
733 3304 791 3345 τον
809 3273 1044 3361 ὀπισθόδομον
1063 3277 1227 3364 διορύξας.

264 3387 342 3442 ΤΙΜ
375 3376 418 3449 Ού
433 3380 612 3469 διώρυκται
626 3371 754 3447 οῦδὲ
717 3400 826 3499 ουτος
845 3375 931 3447 ὥστε
946 3376 1101 3448 ἀπίθανά
1115 3404 1174 3447 σου
1188 3383 1249 3447 καὶ

213 3488 328 3550 ταῦτα.

263 3590 354 3647 ΔΗΜ
377 3585 643 3676 Διορυχθήσεται
659 3581 752 3671 μὲν“
731 3605 880 3675 νστερον·
898 3581 960 3678 ήδη
975 3582 1058 3653 δὲ
1024 3609 1064 3653 συ
1078 3583 1189 3654 πάντα
1201 3580 1248 3652 τὰ

213 3682 304 3756 δι’
265 3693 355 3775 αυτῷ
374 3687 467 3771 ἔχεις.

150 3868 154 3883 ι
263 3797 342 3852 ΤΙΜ
374 3787 494 3860 Οὐκοῦν
512 3794 567 3860 καλ
585 3787 684 3881 ἀλλην
701 3790 856 3879 λάμβανε.

264 3900 355 3956 ΔΗΜ
387 3895 484 3979 οιμοι
500 3921 538 3962 το
525 3892 770 3986 μετάφρενον.

264 4002 341 4058 TIM·
373 3995 425 4087 Μή
443 4004 615 4089 κέκραχθι·
637 4005 781 4069 κατοίσω
798 3999 861 4090 γάρ
881 4023 936 4068 σοι
952 3999 1009 4068 καὶ
1024 4001 1149 4087 τρίτην·
1167 3993 1248 4067 ἐπεὶ
