2740 4648
206 247 272 314 284
594 259 854 318 ΔΟΥΚῙΔΝΟΥ

173 386 189 434 ε
259 380 343 438 ΛΥΚ
386 363 432 434 T&
449 365 508 450 μὲν
529 369 638 432 τοίνυν
660 359 758 446 ἀλλα,
782 354 1011 452 ιάἸῖρμόσιμε,
1030 348 1239 455 ’διηγουμένῳ
1340 388 1343 395 ’

208 494 263 538 σοι
285 466 498 560 παρειπόμην
520 469 576 534 κοιλ
599 465 772 536 ἐπίστευον
793 463 900 548 οάτως
925 466 1021 551 ἔχειν,
1049 469 1177 559 σοφούς
1201 495 1240 539 τε

207 576 382 660 γίγνεσθαι
399 565 519 650 αὐτοὺς
535 570 592 636 καλ
614 564 784 692 ἀνδρείους
802 572 859 638 καλ
881 571 1029 650 δικαίους
1050 574 1106 640 καλ
1122 569 1237 655 τάλλα,

206 678 353 754 καέπως
371 670 550 761 ἐκηλούμην
566 667 653 779 πρὸς
669 669 727 741 τὸν
744 668 893 759 λόγον’
875 672 981 741 οπότε
1003 673 1040 741 δὲ
1059 676 1116 741 καί
1132 673 1240 744 πλοό·

205 800 265 845 του
283 775 420 865 ἔφησθα
436 787 653 898 καταφρονεῖν
671 780 761 864 σφᾶς
777 778 832 844 καί
850 772 947 865 δόξης
968 777 1024 843 καί
1039 772 1166 865 ηδονῶκ
1182 779 1240 846 καλ

204 878 288 966 μήτε
306 874 500 967 ὀργίζεσθαι
516 871 598 964 μήτε
616 878 810 961 λυπεῖσθαι,
828 878 917 971 πάνυ
931 876 1078 946 ἐνταῦθα
1090 879 1238 965 -μόνω

204 980 268 1068 γάρ
287 978 442 1066 ἐσμεν-
461 977 601 1068 ἐπέστην
623 976 846 1069 ἀναμνησθεὶς
869 979 891 1048 ἀ
913 980 1030 1069 πρῴην
1051 976 1141 1049 εἶδον
1158 1007 1241 1051 ποι-

206 1089 357 1152 οῦντα-
370 1081 484 1170 βοόλει
498 1086 602 1172 φῶί
566 1108 586 1149 τ
600 1108 656 1166 νας
673 1078 696 1170 ἢ
709 1080 881 1151 ίκανδνκαλ
894 1079 970 1152 ἀνευ
983 1087 1043 1151 τοῦ
1058 1078 1240 1169 ἀνόμοτοςς

255 1201 342 1259 ΕΡΜ.
376 1186 560 1274 Μηδαμῶς,
581 1179 667 1252 ἀλλὰ
682 1188 737 1253 καλ
754 1192 853 1254 τοῦτο
871 1185 930 1255 εέπ
929 1180 999 1266 δ,”
979 1210 1072 1266 οστις
1088 1176 1138 1276 ἦν

152 1360 155 1366 ,
256 1303 340 1359 ΛΥΚ
379 1283 640 1366 Διδόσκαλος’
600 1285 701 1367 αυτὸς
714 1278 811 1368 οὗτος
824 1285 842 1356 ό
857 1286 925 1369 σὸς,
945 1283 1026 1393 ἀνηρ
1038 1288 1082 1357 τό
1096 1313 1133 1359 τε
1151 1284 1239 1358 ἀλλα

205 1392 320 1470 αἰδοῦς
337 1386 430 1471 ἀξιος
446 1390 502 1455 καὶ
517 1394 620 1476 γέρων
637 1386 734 1479 ηδηέ
734 1416 753 1472 ς
769 1417 808 1459 το
826 1415 977 1460 υστατον.

255 1508 341 1565 ΛΡΜ.
380 1496 418 1560 Τί
436 1482 493 1559 οὖν
511 1487 550 1579 δὴ
570 1488 649 1559 ἓποί
635 1497 696 1577 ίει,·

255 1610 340 1667 ΛΥΚ.
382 1591 444 1662 Τὸν
461 1596 551 1676 ξένον
570 1588 724 1679 σέσιλοι
690 1620 747 1664 τον
757 1591 1024 1685 Ἡρακλεώτην,“
1007 1618 1046 1676 ος·
1061 1593 1097 1666 έκ
1108 1598 1237 1666 πολλοῦ

204 1698 464 1787 συνεφιλοσόφει
481 1693 585 1784 αὐτῷ,
603 1694 758 1788 μαθητὴς
775 1694 834 1781 ὢν,
857 1696 914 1784 τδν
932 1696 1069 1782 ξανθὸν,
1092 1696 1150 1768 τόν
1167 1696 1239 1790 δρι-

204 1826 331 1885 στικον,·

254 1918 341 1976 ΕΡΜ.
378 1899 459 1973 Οἶδα
477 1901 515 1971 ὃν
532 1906 652 1993 λέγεις·
670 1908 759 1972 Δίων
777 1899 866 1992 αδτηῖ
883 1898 1039 1989 τοόνομοι.

253 2021 337 2077 ΛΥΚ
372 2002 513 2075 Ἐκεῖνον
526 2003 635 2088 αὐτὸν,
654 2003 799 2074 ἐπελτδν
811 2002 946 2092 μισθὸν,
966 2001 1069 2091 οἶμαι,
1088 2002 1134 2095 μὴ
1148 2000 1237 2075 ἀπε-

203 2110 297 2178 δίδου
316 2106 400 2177 κατὰ
416 2105 544 2197 καιρὸν,
573 2105 723 2197 ἀπήγαγε
744 2105 839 2198 παρὰ
859 2106 917 2177 τὸν
938 2104 1079 2197 ἄρχοντα
1101 2107 1237 2196 ἔναγχος

201 2217 357 2299 περιθείς
373 2236 410 2299 γε
428 2208 517 2299 αὐτῷ
535 2209 717 2296 θοίμάτιον
733 2214 813 2300 περὶ
828 2208 886 2279 τὸν
901 2210 1062 2300 τράχηλον
1078 2213 1134 2279 καὶ
1152 2209 1237 2298 ίβόα

200 2316 257 2381 καὶ
274 2310 438 2400 ὠργίζετο,
457 2317 514 2380 καὶ
526 2312 562 2401 εἰ
577 2310 624 2400 μη
640 2319 707 2383 τῶν
725 2313 878 2404 συνήθων
891 2315 977 2395 τινες
990 2312 1024 2381 έν
1035 2317 1127 2402 μέσῳ
1141 2314 1237 2401 γετό·

199 2440 294 2502 μενοι
311 2412 487 2505 ἀφείλοντο
504 2413 562 2484 τὸν
578 2421 746 2485 νεανίσκον
768 2414 803 2484 έκ
818 2422 885 2485 τῶν
905 2415 1166 2502 χειρῶναότοῦ,
1196 2407 1236 2486 εὖ

199 2519 292 2600 ἰ’σέίι,
320 2516 476 2608 προσφὺς
498 2514 538 2586 ἀν
560 2514 743 2610 ἀπέτραγεν
766 2514 867 2588 αάτοῦ
892 2516 950 2608 τὴν
976 2521 1051 2609 ῥῖνα
1073 2515 1092 2588 δ
1117 2524 1233 2609 γέρων,

201 2614 308 2701 οὕτως
324 2617 509 2710 ἠγανάκτει.

149 2744 183 2793 10
250 2738 338 2797 EPM.
372 2723 521 2814 Πονηρὸς
528 2723 592 2813 γὰρ
606 2723 727 2805 ἐκεῖνος
739 2720 793 2792 ἀεί
805 2726 861 2792 καί
874 2719 1043 2811 ἀγνώμων,
1064 2714 1092 2791 ὦ
1100 2734 1233 2806 Λυκῖνε,

198 2829 278 2913 περί
294 2827 357 2905 τὰς
373 2823 570 2908 ἀποδόσεις·
598 2825 673 2895 δπελ
688 2827 768 2907 τὀός
787 2851 824 2913 γε
846 2822 979 2910 ἀλλους,
1007 2824 1059 2908 οἷς
1081 2827 1233 2911 δανείζει,

198 2926 343 3007 πολλοὺς
370 2924 480 3011 όντας,
510 2925 604 2998 οάδεν
626 2929 759 2997 τοιοῦτό
782 2954 838 2997 πω
862 2930 1081 2997 διατέθεικεν·
1109 2924 1235 2997 ἀποδι-

199 3029 300 3097 δόασι
316 3027 378 3119 γὰρ
398 3027 488 3118 αάτῴ
506 3029 590 3098 κατὰ
606 3030 720 3119 καιρόν
737 3028 816 3110 τοὺς
831 3031 959 3113 τόκους.

249 3145 334 3203 ΛΥΚ
364 3136 415 3200 Τί
431 3129 523 3215 όδ,”
500 3158 540 3220 ην
556 3160 603 3222 μη
589 3124 897 3216 ''dnodadffiom
870 3160 898 3201 ω
914 3133 1069 3233 μσκόριε,
1087 3136 1182 3227 μέλει
1196 3160 1234 3202 τι
1357 3130 1358 3133 “

198 3231 289 3323 αὕτη)
273 3238 514 3325 καθαρθέντι
530 3231 629 3325 ἤδη“
611 3234 679 3304 υπὸ
697 3239 902 3326 φιλοσοφίας
917 3238 974 3344 καλ
990 3228 1107 3345 μηκέτι
1117 3261 1185 3304 των
1196 3233 1234 3303 ἐκ

196 3345 237 3429 τῇ
257 3337 335 3428 Οἴτῃ
353 3340 654 3425 καταλελειμμένων
673 3340 832 3427 δεομενῳς

169 3511 172 3517 ,
247 3456 336 3514 ΕΡΜ.
374 3439 497 3512 Οἴει
460 3466 521 3531 γαρ
540 3468 593 3512 οτι
611 3440 730 3510 ἑαυτοῦ
745 3441 841 3567 χάριν
862 3438 984 3523 ἐκεῖνος
1004 3443 1084 3531 περὶ
1100 3437 1143 3508 τά
1158 3464 1235 3508 τοι·

197 3551 283 3612 οὖτα
309 3541 527 3628 έσποόδακενς
558 3540 627 3612 ἀλλ’
650 3543 738 3612 ἔστιν
764 3541 855 3633 αὐτῷ
880 3544 1004 3613 παιδία
1027 3539 1155 3631 νεογνά,
1183 3531 1236 3612 ὧν

195 3647 330 3747 κήδεται
346 3673 391 3736 μη
377 3643 482 3715 δυ’
462 3652 568 3773 απσρί
567 3674 590 3736 ᾳ
606 3646 853 3733 καταβιώσωσι

246 3765 331 3822 ΛΥΚ
371 3754 469 3832 Δέον,
492 3775 520 3817 ω
536 3745 723 3837 Ἑρμότιμε,
747 3746 920 3837 ἀναγαγεῖν
941 3744 1075 3817 κάκεῖνο
1096 3743 1208 3815 έπλ
1171 3772 1235 3835 την
1355 3754 1356 3759 ’

196 3848 326 3943 ἀρετην,
363 3848 410 3934 ὥς
440 3853 725 3939 συνευδαιμονοῖεν
756 3848 847 3940 αὐτῷ
881 3851 1029 3921 πλοότου
1058 3871 1236 3940 καταφρο·

195 3960 335 4036 νοῦντες.

144 4076 178 4127 11
248 4070 335 4127 ΕΡΛΛ
371 4055 413 4127 Οά
433 4058 531 4148 σχολη
549 4083 623 4145 μοι,
643 4048 671 4126 εδ
689 4068 822 4143 Λυκῖνε,
842 4060 921 4149 περὶ
937 4056 1064 4127 τούτων
1083 4054 1238 4141 διαλέγει
