2740 4648
379 264 445 318 XX.
472 262 736 321 ΕΡΜΟΤΙΜΟΣ
758 263 876 320 76-80.
940 268 941 271 ’
1078 253 1141 320 323

120 373 171 438 καὶ
188 369 335 458 αἱρήσειν
353 369 481 436 διώκων
498 367 516 437 δ
535 364 602 457 πρὸ
621 374 681 436 σού
692 368 784 454 μάλα
796 370 916 436 πολλοὶ
928 365 1073 459 κάγαθοὶ
1085 375 1141 440 καὶ

117 470 274 561 ὠκύτεροι
290 468 385 561 παρὰ
401 468 487 539 πολύ
506 470 679 551 διώκοντες
697 467 734 538 οά
752 473 941 558 κατέλαβον.
977 470 1061 540 ἀλλὰ
1082 477 1138 541 καὶ
1158 497 1191 549 ιε

119 575 293 661 κατάλαβε,
322 573 352 643 εί
374 574 476 654 δοκεῖ,
504 576 560 640 καὶ
581 572 632 656 ἐ’χε
655 569 732 642 ὅλον
755 572 940 660 συλλαβὼν,
967 572 1005 641 τὸ
1023 577 1082 659 μὲν
1100 575 1140 665 δὴ

18 724 19 731 1
119 684 248 768 πρῶτον
270 671 329 761 α’ἀχ
351 672 419 765 δρῶ
438 671 459 744 ό
479 701 514 743 τι
534 672 609 743 ποτ’
621 672 662 743 ἀν
685 675 735 765 ε’ίη
752 672 906 764 τάγαθόν
925 672 970 755 ὥς
988 673 1140 759 ἀντάξιον

119 782 223 848 δοκεῖν
242 784 309 869 τῶν
331 778 443 847 πόνων
464 783 530 846 τῶν
555 777 736 846 τοσούτων·
765 777 881 849 ’ἔπειτα
906 777 940 858 ίς
962 779 1069 847 πόσον
1092 779 1140 848 ἔτι

118 880 170 953 τὸν
187 878 306 950 λοιπὸν
321 879 437 970 χρόνον
455 875 659 960 ἀπολαύσεις
677 877 778 949 αύτού
795 886 897 969 γέρων
910 878 972 969 ἤδη
986 883 1042 948 καὶ
1054 908 1140 951 παν-
1225 910 1226 915 ’

81 1018 84 1024 ’
117 984 171 1064 τὸς
186 981 283 1072 ἡδέος
302 981 424 1072 ἔξωρος
442 978 488 1050 τόν
504 985 560 1050 καὶ
576 981 633 1050 τὸν
652 982 761 1070 ύιερον
782 982 887 1065 πόδα,
913 987 1024 1073 φασὶν,
1050 982 1083 1052 ἓν
1099 990 1140 1074 τῇ

118 1093 202 1174 σορηῖ
221 1085 319 1170 όχωνς
341 1085 371 1153 εἰ
387 1085 432 1173 μή
450 1112 484 1153 τι
506 1084 554 1164 εἷς
576 1082 682 1166 ἀλλον,
707 1076 735 1151 ὦ
757 1097 895 1171 γενναῖε,
917 1091 991 1172 βίον
1012 1112 1137 1177 προγυ-
1179 1112 1182 1121 ’

30 1257 32 1263 ,
116 1189 244 1274 μνάζεις
262 1186 408 1269 σεαυτὸν,
428 1184 475 1268 ὥς
492 1186 541 1268 εἷς
557 1186 677 1256 ἐκεῖνον
690 1186 799 1255 ἐλθὼν
811 1185 944 1271 ἀμεινον
958 1189 1135 1276 διαγάγοις,

117 1288 211 1370 εἰδὼς
225 1285 336 1361 όντινα
348 1290 474 1379 τρόπον
485 1288 545 1379 χρὴ
559 1296 663 1376 βιοῦν,
684 1285 799 1374 ὅμοιον
813 1287 859 1371 ὥς
869 1290 902 1358 εί
911 1317 962 1370 τις
976 1289 1009 1370 ἒς
1021 1296 1140 1358 τοσοῖ-

115 1417 169 1460 τον
192 1392 345 1474 σκευάζοι
366 1394 481 1460 τεκαὶ
503 1388 688 1481 εὐτρεπίζοι
712 1389 758 1472 ὥς
785 1393 968 1481 δειπνήσων
996 1389 1137 1477 ἀμεινον,

117 1490 190 1579 ἀχρι
216 1490 256 1560 ἀν
277 1495 367 1584 λάθη
394 1490 462 1562 ἀπὸ
488 1496 585 1579 λιμοῦ
609 1496 820 1583 διαφθαρείς.
866 1490 949 1562 ἀλλὰ
974 1492 1037 1584 μὴν
1064 1492 1140 1562 οὐδ”
1158 1517 1188 1566 79

117 1594 215 1663 ἐκεῖνό
234 1621 288 1663 πω
307 1596 550 1684 κατανενόηκας,
571 1593 672 1680 οἶμαι,
693 1594 738 1676 ὥς
754 1593 775 1683 ἡ
792 1597 851 1681 μὲν
870 1593 967 1686 ἀρετὴ
982 1596 1014 1664 ἐν
1033 1596 1139 1685 ἀργοις

116 1697 221 1786 δήπου
245 1697 341 1781 ἐστίν,
367 1697 437 1767 οἷον
459 1697 492 1767 ἀν
514 1705 561 1786 τῷ
586 1699 697 1765 δίκαια
718 1699 876 1786 πράττειν
893 1701 948 1765 καὶ
972 1697 1063 1788 σοφὰ
1085 1703 1140 1766 καί

115 1796 258 1888 ἀνδρεῖα,
277 1797 372 1898 ύμεῖς
390 1802 426 1869 δὲ
444 1840 487 1851 -
503 1798 542 1869 τό
562 1800 598 1867 δὲ
613 1797 707 1884 ἀμοῖς
721 1796 801 1868 όταν
816 1801 911 1882 ε’ίπω,
929 1798 1007 1879 τούς
1020 1798 1139 1891 ἀκρους

113 1908 176 1971 τῶν
200 1902 473 1993 φιλοσοφούντων
496 1908 584 1992 φημί
605 1943 647 1954 -
672 1900 810 1991 ἀφέντες
830 1909 936 1969 ταῦτα
956 1901 1062 1990 ζητεῖν
1083 1907 1140 1970 καὶ

113 2017 223 2072 ποιεῖν
240 2006 385 2094 ῥημάτια
408 2005 550 2093 δύστηνα
571 2007 728 2090 μελετᾶτε
749 2008 805 2073 καὶ
828 2003 1066 2092 συλλογισμούς
1082 2007 1139 2071 καὶ

113 2104 256 2197 ἀπορίας
277 2106 393 2176 καὶτὸ
415 2109 572 2176 πλεῖστον
593 2114 652 2174 τού
673 2113 749 2195 βίον
777 2107 835 2175 ἐπὶ
855 2108 985 2187 τούτοις
1012 2108 1138 2194 διατρί-

111 2215 198 2295 βετε,
222 2212 277 2277 καί
295 2209 333 2288 ὃς
351 2206 391 2291 ἀν
407 2216 507 2299 κρατῇ
526 2208 559 2277 ἒν
578 2208 704 2291 αὐτοῖς,
727 2213 910 2291 καλλίνικος
933 2207 1010 2295 ύμῖν
1033 2210 1137 2276 δοκεῖ·

113 2308 168 2401 ἀφ’
185 2302 239 2394 ὦν,
269 2308 375 2396 οἶμαι,
402 2313 458 2379 καί
478 2310 535 2383 τὸν
564 2312 760 2381 διδάσκαλον
785 2315 916 2382 τουτονί
938 2308 1136 2397 θαυμάζετε,

111 2419 245 2503 γέροντα
271 2413 388 2504 ἀνδρα,
420 2408 473 2480 ότι
503 2411 581 2495 τούς
605 2417 890 2501 προσομιλοῦντας
920 2414 969 2495 είς
994 2412 1139 2502 ἀπορίαν

109 2521 290 2606 καθίστησι
306 2518 362 2584 καὶ
381 2512 467 2583 οίδεν
486 2511 531 2595 ὥς
546 2514 607 2606 χρὴ
626 2517 765 2607 ἐρέσθαι
781 2519 837 2584 καὶ
855 2522 1069 2605 σοφίσασθαι
1081 2519 1137 2582 καὶ

108 2625 336 2707 πανουργῆσαι
357 2622 413 2685 καὶ
434 2618 482 2698 εἰς
505 2615 634 2707 ἀφυκτα
656 2617 821 2705 ἐμβαλεῖν,
848 2620 905 2687 καί
929 2617 986 2687 τὸν
1011 2614 1138 2706 καρπὸν

109 2716 250 2803 ἀτεχνῶς
268 2719 406 2811 ἀφέντες
422 2759 464 2770 -
483 2711 579 2799 οὗτος
593 2722 629 2788 δὲ
642 2711 681 2808 ἦν
693 2722 771 2806 περί
782 2719 825 2788 τὰ
840 2719 918 2810 ἐ’ργα
930 2758 972 2769 -
989 2722 1068 2806 περί
1081 2718 1137 2786 τόν

109 2820 228 2911 φλοιὸν
246 2821 444 2908 ἀσχολεῖσθε
457 2820 499 2890 τὰ
513 2822 622 2912 φόλλα
634 2828 843 2907 καταχέοντες
857 2819 1004 2910 ἀλλήλων
1018 2820 1051 2888 ἀν
1063 2833 1137 2901 ταῖς

107 2922 264 3008 ὁμιλίαις.
304 2920 408 3015 ἢγδιρ
431 2922 515 2994 ἀλλα
542 2925 628 2995 ἐστὶν
656 2925 677 2995 ἀ
703 2927 878 3015 πράττετε,
907 2915 1135 3016 ἀἙρμότιμε,

106 3024 232 3103 πάντες
250 3026 356 3093 ἕωθεν
374 3029 421 3107 εἷς
432 3027 598 3120 ,ἑσπέρανς

160 3140 246 3196 ΕΡΜ.
284 3124 359 3209 Ούκ,
379 3127 461 3197 ἀλλὰ
479 3139 593 3200 ταῦτα.

160 3243 245 3299 ΛΥΚ.
275 3224 318 3296 Ἢ
337 3220 392 3298 σύν
415 3228 484 3312 σάχλ
506 3236 561 3299 καὶ
584 3231 697 3320 ὀρθῶς
718 3260 769 3314 τις
791 3232 830 3301 ἀν
853 3240 936 3323 φαίη
962 3232 1021 3321 την
1043 3229 1136 3299 σκιάν

104 3327 195 3415 ύμάς
211 3330 366 3419 θηρεύειν
384 3331 544 3414 ἐάσαντας
559 3332 599 3401 τὸ
619 3340 715 3418 σῶμα
731 3332 754 3423 ἢ
770 3341 829 3402 τού
848 3332 958 3423 όφεως
970 3330 1009 3401 τὸ
1024 3333 1135 3422 σύφαρ

104 3429 335 3522 ἀμελήσαντας
348 3441 407 3503 τοῦ
420 3430 526 3516 όλκοῦ,
545 3437 668 3521 μᾶλλον
678 3433 759 3504 δὲτὸ
770 3430 885 3520 δμοιον
897 3447 1007 3503 ποιεῖν
1021 3430 1135 3523 ὥσπερ

104 3536 141 3603 εί
156 3563 209 3617 τις
226 3536 273 3617 εἰς
287 3532 387 3623 όλμον
399 3533 488 3629 ύδωρ
504 3534 733 3627 ἀγχέαςύπέρηι
749 3539 873 3627 σιδηρῷ
886 3543 1019 3607 πτίττοι
1030 3537 1137 3628 πράτ-

103 3663 177 3707 τειν
196 3638 370 3731 ἀναγκαῖόν
387 3668 420 3709 τι
436 3645 492 3709 καὶ
509 3637 675 3731 προύργου
699 3641 863 3726 οἰόμενος,
888 3638 946 3709 ούκ
969 3638 1069 3720 εἰδὼς.
1083 3634 1137 3707 ότι

102 3736 170 3806 κάν
188 3740 374 3833 ἀποβάλλῃ,
394 3747 492 3832 φασί,
511 3742 588 3824 τοὺς
606 3740 716 3829 ὤμους
733 3750 885 3827 πτίττων,
904 3740 993 3834 ύδωρ
1012 3739 1137 3829 ὁμοίως

101 3841 146 3911 τὸ
167 3839 255 3934 ύδωρ
272 3860 378 3933 μενεῖς
399 3853 456 3915 καί
475 3873 535 3933 μοι
558 3845 615 3933 δὸς
636 3846 783 3915 ἐνταῦθα
804 3842 865 3935 ἤδη
888 3846 1086 3935 ἐρέσθαισε
1105 3844 1134 3912 εἰ
1152 3864 1185 3916 80

101 3944 243 4026 ἐθέλοις
256 3945 295 4015 ἀν
310 3950 372 4033 ἔξω
386 3956 451 4018 τῶν
464 3952 569 4037 λόγων
581 3948 624 4018 τὰ
634 3946 717 4017 ἀλλα
730 3949 869 4018 ἐοικέναι
878 3957 925 4038 τῷ
936 3948 1132 4037 διδασκάλῳ,

100 4044 196 4117 οὕτω
205 4049 411 4141 μὲνάργίλος,
431 4050 516 4122 ούτω
528 4055 564 4122 δὲ
576 4054 778 4143 μικρολόγος,
799 4050 885 4123 ούτω
900 4055 942 4152 δίη
979 4053 1134 4132 ιλόνεικος

914 4156 966 4211 21*
