2724 4634
345 237 384 293 ιι
409 235 622 293 NEKPIKOI
642 236 855 293 AIAAOr01
875 239 918 294 ιο.
1084 220 1147 290 125

169 349 247 407 ΣΙΜ.
292 339 338 411 Οά
357 367 418 428 μοι
437 344 545 427 μέλει·
566 343 623 410 καὶ
640 341 896 431 στρατηγησάτω
911 347 970 430 τῆς
984 336 1145 424 Ἑλλάδος,

115 445 149 515 εί
167 448 270 528 δοκεῖ,
292 443 411 513 ἐκεῖνοι
428 446 464 512 δὲ
480 442 526 534 μή
543 446 845 536 κληρονομείτωσαν
860 444 972 531 μόνον.

483 652 488 663 ³
612 631 655 686 10.

179 735 363 793 ΧΑΡΩΝΟΣ
380 734 450 791 ΚΑΙ
467 734 600 792 ΕΡΜΟΥ
617 734 687 790 ΚΑΙ
700 732 859 791 ΝΕΚΡΩΝ
876 733 1085 791 ΔΙΑΦΟΡΩΝ.

67 899 72 917 ,
166 864 255 920 ΧΑΡ.
288 853 462 926 Ἀκούσατε
484 851 530 935 ὠς
551 854 618 938 δ’χει
638 852 716 943 ἡμῖν
740 853 783 923 τά
807 856 999 947 πράγματα.
1033 855 1183 943 μικρδν1

114 962 175 1048 μὲν
197 957 285 1048 ἡμῖν,
315 956 360 1038 ὥς
382 954 494 1049 δρᾶτε,
521 955 560 1024 τὸ
584 960 758 1047 σκαφίδιον
780 962 835 1025 καὶ
857 957 1057 1046 ὑπόσαθρόν
1079 959 1150 1028 ἔστι

114 1065 172 1131 καὶ
191 1064 323 1152 διαρρεῖ
337 1059 382 1127 τδι
397 1058 521 1142 πολλὰ,
540 1064 596 1127 καὶ
612 1058 652 1150 ἢν
664 1068 775 1150 τραπῇ
790 1061 846 1129 ἐπὶ
859 1064 1002 1149 θάτερα,
1014 1061 1151 1149 οἰχήσε-

114 1192 173 1234 ται
190 1165 404 1254 περιτραπὲν,
424 1160 518 1248 ἀμοῖς
536 1164 572 1230 δὲ
590 1160 660 1248 ἀμα
677 1172 832 1231 τοσοῦτοι
847 1161 940 1252 ήκετε
953 1162 1062 1232 πολλά
1076 1164 1150 1231 ἐπι-

116 1268 297 1358 φερόμενοι
319 1266 465 1344 ἕκαστος.
501 1262 540 1354 ἢν
564 1258 621 1334 οὖν
641 1266 726 1351 μετὰ
747 1268 873 1335 τούτων
896 1266 1027 1355 ἐμβῆτε,
1057 1269 1151 1334 δέδια

116 1368 161 1458 μὴ
185 1365 321 1455 ὕστερον
342 1369 578 1458 μετανοήσητε,
605 1372 660 1435 καὶ
682 1370 828 1455 μάλιστα
850 1366 974 1438 ὁπόσοι
999 1383 1064 1439 νεῖν
1091 1365 1150 1437 οάκ

116 1471 318 1540 ἀπίστασθε.

168 1582 255 1639 ΕΡΜ.
291 1580 369 1653 Πῶς
387 1564 442 1640 οὖν
459 1575 658 1663 ποιήσαντες
676 1571 901 1663 εὐπλοήσομεν
906 1604 919 1660 ,·

167 1684 254 1739 ΧΑΡ.
286 1672 366 1763 Ἐγώ
395 1672 471 1761 δμῖν
498 1676 632 1765 φράσω·
659 1676 801 1763 γυμνοὺς
823 1677 1003 1762 ἐπιβαίνειν
1020 1672 1085 1765 ’χρὴ
1107 1675 1150 1743 τὰ

114 1777 258 1869 περιττὰ
274 1786 379 1846 ταῦτα
395 1779 506 1846 πάντα
524 1778 581 1845 ἐπὶ
598 1784 656 1866 τής
669 1777 766 1868 ᾐόνος
776 1781 1034 1859 καταλιπόντας·
1052 1780 1150 1864 μόλις

114 1881 177 1971 γὰρ
197 1878 237 1949 ἀν
256 1885 311 1948 καὶ
330 1877 416 1949 οὕτω
436 1883 567 1963 δέξαιτο
585 1878 670 1965 ὑμᾶς
687 1878 727 1947 τὸ
746 1889 945 1969 πορθμεῖον.
977 1885 1032 1948 σοὶ
1050 1883 1100 1961 δὲ,
1121 1871 1149 1947 ὦ

112 1983 226 2072 Ἑρμῆ,
245 1983 381 2072 μελήσει
393 1982 431 2050 τὸ
452 1981 520 2050 ἀπὸ
538 1974 657 2050 τούτου
676 1985 800 2070 μηδένα
817 1985 1071 2071 παραδέχεσθαι
1089 1979 1150 2048 αδ-

115 2093 192 2167 τιῦν,
213 2085 250 2165 ὃς
268 2083 308 2152 ἀν
324 2085 369 2173 μὴ
388 2083 490 2171 ψιλὸς
502 2077 523 2174 ᾗ
537 2088 592 2152 καὶ
604 2084 647 2153 τά
662 2085 802 2167 ἔπιπλα,
823 2082 937 2175 ὥσπερ
951 2085 1042 2173 ἔφην,
1063 2081 1150 2150 ἀπο-

115 2189 239 2275 βαλων.
275 2187 369 2274 παρὰ
387 2187 497 2275 δὲτὴν
516 2184 719 2274 ἀποβάθραν
738 2186 841 2268 ἑστὼς
860 2190 1071 2275 διαγίγνωσκε
1090 2182 1151 2253 αδ-

115 2289 195 2371 τοὺς
212 2293 268 2357 καὶ
287 2287 495 2375 ἀναλάμβανε
512 2290 653 2377 γυμνοὺς
671 2289 852 2377 ἐπιβαίνειν
870 2287 1066 2379 ἀναγκάζων.

167 2400 255 2456 ΕΡΜ.
289 2384 339 2460 E&
357 2397 475 2481 λέγεις,
498 2398 554 2461 καὶ
573 2391 658 2461 οὕτω
677 2395 879 2481 ποιήσωμεν.
897 2433 940 2443 -
963 2390 1077 2461 οδτοσλ
1097 2397 1149 2471 τίς
1167 2410 1183 2458 2

116 2494 137 2565 ὃ
156 2496 292 2585 πρῶτός
311 2495 398 2581 ἔστη
786 2498 789 2501 ’

168 2607 260 2662 ΜΕΝ.
300 2604 477 2677 Μένιππος
503 2597 612 2684 ἔγωγε.
655 2594 723 2665 ἀλλ’
754 2595 824 2665 ἰδοὺ
851 2594 872 2685 ή
899 2597 991 2685 πήρα
1015 2621 1088 2680 μοι,
1121 2587 1149 2662 ὦ

112 2702 227 2793 Ἑρμῆ,
253 2701 370 2769 καὶτὸ
392 2703 533 2788 βάκτρον
556 2700 589 2780 ἒς
610 2698 667 2788 τὴν
689 2703 801 2790 λίμνην
829 2699 1064 2790 ἀπερρίφθων,
1092 2697 1149 2766 τὸν

115 2812 264 2896 τρίβωνα
281 2806 318 2873 δὲ
337 2801 412 2872 οὐδὲ
431 2803 569 2889 ἐκόμισα
587 2794 623 2870 εὖ
642 2810 760 2871 ποιιῦν.

170 2924 256 2979 ΕΡΜ.
289 2905 456 2993 Ἔμβαινε,
485 2899 689 2975 ὦΜένιππε
712 2904 839 2995 ἀνδρῶν
862 2903 988 2995 ἀριστε,
1016 2907 1070 2971 καὶ
1092 2901 1149 2993 τὴν

117 3010 298 3099 προεδρίαν
316 3007 409 3099 παρὰ
425 3009 481 3077 τὸν
499 3010 692 3098 κυβερνήτην
711 3009 762 3093 ἔχε
780 3007 831 3097 ἐφ’
847 3006 978 3097 ὑψηλοῦ
982 3061 992 3090 ,
1012 3005 1058 3089 ὡς
1076 3006 1150 3075 ἔπι-

118 3121 245 3203 σκοπῇς
264 3108 423 3193 ἅπαντας.
459 3109 595 3191 ὃκαλδς
614 3111 645 3179 δ’
658 3104 754 3193 οὗτος
771 3119 822 3192 τίς
840 3111 927 3195 ἐστις
1167 3130 1183 3179 3

170 3224 287 3279 ΧΑΡΜ.
325 3216 529 3303 Χαρμόλεως
551 3212 771 3303 ὃΜεγαρικὸς
794 3212 812 3282 δ
836 3214 1029 3304 ἐπέραστος,
1054 3203 1091 3281 οὗ
1109 3210 1148 3280 τὸ

116 3321 249 3409 φίλημα
267 3319 458 3387 διτάλαντον
475 3309 524 3407 ἦν.

172 3437 259 3491 ΕΡΜ.
291 3418 455 3490 Ἀπόδυθι
471 3426 644 3510 τοιγαροῦν
660 3418 699 3486 τὸ
718 3419 836 3501 κάλλος
852 3422 907 3486 καλ
923 3417 966 3486 τά
981 3422 1071 3505 χείλη
1091 3414 1151 3484 αὖ·
1177 3457 1188 3465 ‚

117 3534 190 3604 τοῖς
208 3524 374 3613 φιλήμασι
390 3526 445 3591 καὶ
461 3523 520 3612 τὴν
537 3524 639 3609 κόμην
656 3520 714 3609 τὴν
731 3527 875 3605 βαθεῖαν
892 3519 997 3588 καὶτὸ
1013 3520 1148 3587 ἐπὶτῶν

117 3633 266 3713 παρειῶν
284 3626 437 3715 ἐρύθημα
453 3625 564 3693 καὶτὸ
584 3627 688 3714 δέρμα
706 3619 792 3691 ὅλον.
829 3616 895 3707 λ’γει
908 3624 1028 3703 καλῶς,
1049 3620 1149 3704 εάζω-

116 3753 172 3808 νος
190 3725 233 3809 ελ,
253 3727 403 3815 ἐπίβαινε
419 3725 493 3817 ήδη.
524 3726 547 3797 ’ὃ
565 3726 677 3816 δὲτὴν
694 3727 888 3816 πορφυρίδα
906 3721 1020 3794 οὖτοσὶ
1036 3728 1091 3793 καὶ
1108 3724 1146 3795 τὸ
1165 3747 1183 3797 4

118 3831 265 3918 διάδημα
283 3828 302 3899 δ
318 3830 481 3920 βλοσυρὸς
497 3836 548 3910 τίς
566 3827 611 3898 ὢν
627 3830 812 3917 τυγχάνεις,·

169 3942 287 3999 ΛΑΜΠ.
324 3936 503 4021 Λάμπιχος
519 3934 656 4022 Γελῴων
673 3934 838 4023 τύραννος.

168 4044 257 4101 ΕΡΜ
294 4044 333 4109 Τί
350 4029 415 4122 οάν,
435 4029 462 4105 ὦ
480 4037 649 4125 Λάμπιχε,
668 4042 814 4105 τοσαῦτα
832 4035 913 4122 δ’χων
930 4036 1048 4130 πάρειγ
