2740 4648
234 242 297 311 338
617 250 872 307 κοκκιικοε

232 359 366 438 ἐθνους·
389 352 474 425 ιύστε
492 352 530 444 ἥν
546 379 613 423 που
630 357 686 421 καλ
703 361 756 421 νῦν
780 353 853 438 ἐμοὶ
876 351 909 432 ἐς
925 350 964 419 τὸ
985 364 1095 437 χεῖρον
1113 353 1261 442 ῥέπωσιν

232 462 269 528 αί
285 466 399 550 ψῆφοι
416 436 449 526 δν
465 464 512 546 τῷ
530 456 618 544 λόγῳ
634 458 690 523 καλ
708 453 862 534 ἐλάττους
880 445 961 521 ιδσιν
980 453 1016 520 αἱ
1033 450 1194 538 όμείυους,
1214 452 1260 524 σύ
1342 434 1343 467 ³

232 563 269 630 δέ
284 559 342 651 τὴν
358 564 416 648 τῆς
426 557 564 682 Ἀθηνᾶς
576 559 775 645 προστιθείς
788 551 976 644 ἀναπλήρου
990 551 1029 622 τὸ
1044 554 1152 624 ἐνδέον
1164 554 1260 643 παρδι

198 668 371 734 ισεαυτού
392 658 502 728 καί
468 686 507 727 το
530 658 758 749 ἐπανόρθωμα
785 657 904 725 οἰκεῖόν
931 678 986 724 σοι
1012 657 1103 724 δοκεί
1088 662 1158 725 ί.τω
1202 660 1260 726 καὶ

230 764 293 854 μὰρ
316 761 393 833 οόδὲ
415 761 517 829 ἐκεῖνό
538 786 599 845 μοι
621 757 739 841 ἱκανόν,
763 759 793 827 εἰ
813 760 934 827 πολλοὶ
956 756 1154 857 ἐθαύμασαν
1171 758 1261 846 πρό-
1342 798 1343 803 1

230 892 333 990 τερον,
354 890 384 931 ει
373 862 529 944 ’ἔνδοξος
540 859 607 987 ἤδη
621 858 968 949 ἐναποτυποῦνται
972 848 1066 949 πρός
1078 886 1145 927 των
1159 855 1261 927 σἰκου-

233 969 359 1035 σάντων
378 965 411 1033 οί
428 964 529 1051 λόγοι.
554 965 666 1032 πάντα
683 961 787 1030 ἐκεῖνα
803 958 968 1050 ύπηυέμια
979 957 1141 1051 δύείρατα,
1161 964 1259 1051 φασί,

232 1072 288 1136 καὶ
306 1067 449 1135 ἐπαίνων
466 1070 571 1133 σκιαί·
544 1060 681 1133 ίτδδ
697 1060 823 1151 ἆληθές
839 1063 872 1132 ἐν
888 1069 937 1152 τῷ
958 1064 1101 1150 παρόντι
1122 1062 1261 1153 δειχθή-
1340 1092 1341 1095 “

234 1195 336 1238 σεται.
378 1159 474 1247 οὗτος
497 1162 672 1255 δτιριβης“
651 1192 729 1255 ορος
749 1190 815 1233 των
837 1158 933 1249 ἐμῶν’,
957 1162 1094 1232 ούδέν’
1074 1189 1148 1254 αμφ
1150 1166 1261 1246 ίδοξον
1340 1210 1341 1213 =

233 1272 282 1341 ἐτι
300 1268 372 1338 ούδ
384 1266 471 1351 ώς”
448 1295 488 1337 αν
504 1294 555 1347 τις
572 1267 779 1350 ἐνδοιάσειεν,
802 1263 907 1335 ἄλλ’*
885 1294 905 1355 η
925 1263 1060 1354 δι’ριατον
1076 1264 1160 1334 κατὰ
1177 1292 1262 1335 παι-

162 1412 164 1425 =
233 1374 324 1441 δείίαν
342 1373 452 1461 δεήσει
469 1370 679 1455 νομίζεσθαι,
699 1375 807 1458 σοίγε
825 1365 1128 1457 δόξακῆπάντων
1144 1407 1188 1419 -
1205 1366 1261 1435 εύ-
1340 1392 1341 1395 ’

233 1486 353 1562 φημεῖν
363 1473 399 1539 δέ
406 1470 465 1560 χρὴ
475 1469 561 1557 πρὸς
570 1466 655 1538 οὕτω
663 1478 765 1560 μόνον
777 1470 889 1559 διμιδιο
902 1477 1080 1558 χωροῦντα.
1104 1469 1260 1554 δόξαιμεν

231 1573 303 1663 γάρ,
324 1565 351 1640 ιδ
368 1576 455 1653 θεολ,
475 1573 573 1659 λόγου
593 1569 681 1654 άξιοι
697 1576 753 1641 καί
768 1573 989 1660 βεβαιώσαιτε
1004 1568 1083 1659 ἡμῖν
1094 1570 1152 1638 τὸν
1164 1568 1260 1659 παρὰ

231 1682 297 1742 τῶν
320 1671 426 1757 άλλῳν
448 1673 592 1755 ἔπαινον,
620 1673 667 1754 ιδς
687 1674 725 1743 τδ
747 1675 866 1743 λοιπόν
891 1680 1098 1762 θαρροῦντας
1125 1671 1158 1751 ἐς
1179 1670 1259 1751 τοὺς

232 1774 564 1863 πολλοδςπαριέναι·
584 1783 653 1844 πᾶν
674 1774 736 1865 γὰρ
757 1774 820 1865 ἤδη
843 1765 978 1844 στάδιον
998 1766 1096 1863 ἧττον
1113 1772 1259 1863 φοβερὸν

232 1884 280 1966 τῷ
295 1875 452 1963 Ὀλύμπια
463 1876 510 1945 ,τδι
527 1878 653 1965 μεγάλα
670 1880 856 1965 νενικηκότι.
1048 1864 1053 1869 ἢ

447 2132 654 2201 ΣΚΥΘΗΣ
680 2133 717 2200 Η
740 2128 1043 2201 ΠΡΟΞΕΝΟΣ.

200 2305 214 2355 l
286 2282 329 2353 Ού
351 2291 485 2372 πρῶτος
502 2283 692 2373 Ἀνάχαρσις
714 2282 851 2372 ἄφίκετο
876 2283 913 2352 ἐκ
933 2288 1082 2363 Σκυθίας
1099 2279 1257 2370 Ἀθήναζε

231 2389 387 2468 παιδείας
404 2387 571 2481 ἐπιθυμίᾳ
587 2395 645 2475 τῆς
654 2385 844 2476 Ἑλληνικῆς,
864 2385 947 2455 ἀλλὰ
963 2390 1020 2454 καί
1035 2387 1171 2474 Τόξαρις
1188 2383 1258 2474 πρὸ

233 2485 342 2571 αύτού,
363 2489 470 2578 σοφὸς
485 2490 544 2574 μὲν
561 2493 617 2556 καί
634 2490 813 2577 φιλόκαλος
826 2486 906 2579 ἀνὴρ
919 2493 976 2556 καλ
988 2488 1258 2576 ἐπιτηδευμάτων

232 2590 426 2679 φιλομαθὴς
446 2597 513 2658 τῶν
535 2587 685 2676 άρίστων,
710 2592 797 2659 σ’ίκοι
818 2592 855 2659 δέ
876 2588 915 2659 ού
937 2596 997 2659 τού
1017 2592 1182 2676 βασιλείου
1199 2592 1256 2674 γέ·
1329 2664 1336 2675 Ι

230 2716 308 2772 νους
325 2689 372 2761 ιδν
389 2690 466 2762 ούδλ
482 2695 805 2783 τώνπιλυφορικών,
830 2688 913 2761 ἀλλὰ
930 2699 1071 2762 Σκυθῶν
1090 2698 1156 2760 τῶν
1171 2692 1258 2757 πολ.-
1328 2700 1338 2733 ·“

232 2796 297 2860 λων
319 2798 373 2861 καλ
396 2796 589 2883 δημοτικῶν,
613 2794 682 2863 οἶοί
703 2796 769 2862 είσι
789 2791 867 2883 παρ’
883 2792 996 2874 αύτοῖς
1017 2793 1052 2862 ολ
1073 2791 1260 2870 ὀκτάποδες

231 2897 442 2979 καλούμενοι,
462 2903 563 2965 τοῦτο
581 2897 619 2964 δέ
636 2896 708 2965 ἐστι
725 2897 786 2979 δύο
806 2902 895 2982 βοῶν
914 2896 1078 2984 δεσπότην
1098 2891 1257 2963 εἶναικαὶ

233 2993 361 3082 ἁμάξης
376 3002 465 3079 μιᾶς.
501 2989 633 3077 οὗτοςδ
655 2999 793 3086 Τόξαρις
813 2995 886 3065 οὐδ’
903 2995 1054 3086 άπῆλθεν
1073 2998 1123 3065 ἐτι
1144 2993 1256 3064 δπίσω

233 3095 267 3175 ἐς
283 3098 426 3185 Σκύθας,
445 3095 514 3167 ἀλλ’
526 3096 700 3187 Αθήνησιυ
717 3095 877 3182 ἀπέθανε,
895 3102 951 3167 καί
967 3097 1036 3185 μετ’
1048 3125 1086 3168 ου
1073 3095 1186 3166 ’πολὺ
1199 3098 1257 3163 καλ

231 3222 320 3284 ηρως
333 3197 424 3322 ε’δρξι
437 3202 492 3266 καί
503 3197 758 3286 ἐντέμνουσιν’
720 3226 808 3288 αατῳ
793 3203 900 3288 ’ξένῳ
916 3201 1018 3292 ίατρηι
1027 3197 1257 3287 οίΑθηναῖυι

229 3305 327 3365 τούτο
349 3298 411 3389 γὰρ
432 3298 576 3387 τυύνομα
596 3299 684 3390 η’ρως
704 3303 874 3389 γενόμενος
895 3301 1105 3390 ἐπεκτήσατο.
1140 3326 1198 3389 την
1221 3296 1255 3368 δ’
1333 3364 1338 3373 .

231 3399 301 3469 αίτί
287 3405 339 3468 ίαν
355 3406 413 3490 τῆς
430 3401 619 3487 ἐπωνυμίας
635 3429 676 3471 κο
677 3401 782 3471 λάνθ
794 3400 872 3473 ὅτου
889 3403 924 3485 ἐς
939 3401 1018 3485 τοὺς
1034 3429 1145 3493 ηρωας
1159 3426 1260 3470 κατε-

230 3503 305 3590 λέγη
328 3505 384 3570 καὶ
404 3510 470 3571 τῶν
488 3501 734 3592 Ασκληπιαδιδν
753 3504 804 3585 εἷς
826 3506 944 3588 ἔδοξεν,
973 3503 1026 3574 σύ.
1036 3516 1146 3594 χεῖρον
1170 3503 1261 3584 ἴσως

232 3604 471 3692 διηγήσασθαι,
498 3602 546 3685 ιδς
566 3605 699 3694 μάθητε
721 3605 759 3675 ού
780 3607 930 3689 Σκύθαις
954 3607 1056 3693 μόνον
1076 3606 1261 3693 ἐπιχώριον

230 3702 268 3775 δν
286 3703 547 3790 ἀπαθανατίζειν
563 3710 620 3776 καλ
636 3713 781 3793 πέμπειν
796 3707 891 3799 παρά
906 3707 964 3778 τὸν
977 3709 1148 3794 Ζάμολξιν,
1167 3703 1261 3775 ἀλλὰ

229 3810 284 3875 καὶ
301 3805 489 3895 Ἀθηναίοις
511 3808 630 3890 ἐξεῖναι
656 3816 831 3879 θεοποιεῖν
854 3809 934 3892 τούς
953 3812 1089 3891 Σκύθας
1113 3808 1171 3876 ἐπὶ
1196 3815 1262 3898 τῆς

194 3925 214 3979 2
226 3905 388 3989 Ἑλλάδος.
415 3908 498 3977 κατὰ
514 3909 571 3978 τὸν
588 3909 704 3998 λοιμὸν
720 3910 777 3981 τὸν
788 3917 889 3999 μέγαν
903 3912 1011 3994 ἐδοξεν
1023 3909 1262 4002 ἧίύρχιτέλσυς

228 4008 320 4097 γυνὴ,
335 4009 565 4099 Ἀρεοπαγίτου
585 4010 711 4103 άνδρδς,
730 4014 912 4084 ἐπιστάντα
929 4014 962 4082 ολ
977 4011 1035 4082 τὸν
1051 4014 1186 4103 Σκύθην
1203 4038 1264 4082 κε-
