2724 4634
365 240 447 298 vm.
475 240 587 296 στου
608 241 818 297 ΔΙΑΛσοσι
842 242 902 297 σε
1107 230 1149 296 65

37 382 43 395 ι
171 356 253 413 ΓΑΝ.
283 346 413 435 Τίφής,·
432 344 472 414 σύ
480 342 544 435 γάρ
553 343 690 415 είδΠὰν
700 346 835 429 ἐκεῖνος
850 343 1004 428 εἶταπῶς
1013 347 1150 438 σύριγγα

116 444 179 518 οῦκ
196 448 281 531 ἔχεις
300 446 375 517 οὐδὲ
393 454 511 538 κέρατα
530 446 606 516 οὐδὲ
624 449 738 529 λάσιος
756 446 788 515 εί
802 447 845 516 τὰ
863 452 956 539 σκέλη
962 479 974 534 ,·

94 600 98 613 .
167 556 275 613 ΖΕΥΣ
309 552 419 619 Μόνον
434 550 497 639 γὰρ
516 550 635 621 ἐκεῖνον
653 549 713 641 ήγή
730 551 829 634 am,-

169 661 254 716 ΓΑΝ.
289 661 371 721 Ναί·
389 657 445 722 καλ
462 655 588 739 θύομέν
604 680 641 743 γε
659 652 749 743 αὐτῶ
763 653 893 743 ένόρχην
905 655 1025 743 τράγον
1038 653 1096 727 έπί
1107 654 1147 725 τὸ

113 757 286 846 σπήλαιον
304 753 435 844 άγσντες
453 757 538 827 ἔνθα
555 757 681 845 ἕστηκε·
705 756 744 825 σὺ
762 757 800 824 δέ
817 753 1081 847 ἀνδραποδιστής
1097 784 1167 851 τις,

112 856 205 928 είναί
221 885 281 944 μοι
300 861 416 940 δοκοῖς.

168 969 274 1024 ΖΕΥΣ.
309 963 399 1031 Εἰπέ
422 988 495 1050 μοι,
522 961 604 1044 Διὸς
630 964 666 1030 δδ
692 959 750 1031 οῦκ
774 959 916 1052 ήκουσας
942 957 1047 1046 δ’νσμα
1072 958 1182 1034 οῦδὲν

15 1126 16 1145 ,
113 1062 232 1151 βωμὸν
254 1061 339 1146 εἶδες
357 1065 390 1133 ἐν
410 1071 458 1153 τῶ
475 1066 635 1155 Γαργάρῳ
656 1071 716 1133 τοῦ
738 1061 852 1145 ῦοντσς
872 1066 928 1132 καὶ
947 1069 1150 1154 βροντῶντος

114 1169 175 1235 καὶ
193 1164 368 1257 ἀστραπὰς
385 1174 577 1251 ποιοῦντας,·

16 1254 17 1271 ’
168 1276 252 1332 m.
292 1268 353 1353 Σὺ,
377 1262 582 1355 ῶβέλτιστε,
605 1268 672 1359 φῂς
689 1266 787 1352 εἶναι,
810 1268 848 1350 ὃς
864 1270 979 1359 πρηίην
995 1273 1149 1353 κατέχεας

115 1367 195 1460 ήμῖν
212 1370 271 1460 τήν
287 1370 412 1460 πολλὴν
426 1372 583 1455 χάλαζαν,
605 1369 623 1440 δ
642 1372 743 1440 οἰκεῖν
760 1368 911 1460 ὑπεράνω
926 1373 1108 1461 λεγόμενος,
1129 1368 1147 1439 δ

114 1480 226 1542 ποιῶν
242 1471 300 1543 τὸν
317 1474 446 1564 ψόφον,
471 1463 498 1562 ᾦ
515 1471 572 1542 τὸν
589 1472 679 1563 κριὸν
698 1471 715 1543 ὁ
734 1474 843 1564 πατήρ
862 1474 999 1560 έδυσενς
1027 1473 1098 1543 εἶτα
1115 1480 1150 1543 τί
1183 1472 1187 1484 “

15 1632 17 1645 ,
115 1572 319 1664 ἀδικήσαντά
336 1601 379 1661 με
397 1573 602 1665 ἀνήρπασας,
631 1568 810 1661 ῶβασιλεῦ
828 1583 894 1645 τῶν
915 1584 1022 1662 θεῶν,
1047 1577 1090 1645 τὰ
1112 1578 1149 1646 δὲ

116 1678 273 1767 πρόβατα
295 1679 378 1758 ἴσως
400 1679 432 1746 σί
455 1678 546 1746 λύκοι
568 1678 811 1767 διαρπάσονται
831 1676 893 1770 ήδη
917 1678 1051 1770 έρήμσις
1073 1678 1144 1747 ἐπι-

116 1804 287 1861 πεσοντες.

168 1891 272 1945 ΖΕΥΣ.
300 1880 369 1952 Ἔτι
386 1882 447 1973 γδιρ
465 1886 557 1969 μέλει
574 1907 630 1953 σοι
645 1889 712 1952 τῶν
728 1883 907 1973 προβάτων
920 1880 1148 1972 άθανάτῳγε-

15 1976 16 1999 ³
118 1992 278 2074 γενημένην
296 1990 351 2053 καὶ
370 1987 516 2055 ἐνταῦθα
533 1991 735 2073 συνεσομένῳ
753 1983 830 2071 μεθ’
846 1983 954 2073 ήμῶνς

168 2096 252 2151 ΓΑΝ.
294 2096 333 2157 Τί
349 2091 468 2177 λέγεις,·
495 2086 532 2157 ού
550 2086 612 2179 γὰρ
629 2089 780 2171 κατάξεις
800 2114 843 2174 με
860 2086 921 2177 ήδη
945 2087 978 2169 ές
994 2087 1051 2177 τήν
1062 2085 1147 2177 ’[Ιδην

117 2190 274 2279 τουπ

167 2300 272 2355 ΖΕΥΣ.
308 2289 482 2378 Οὐδαμῶς·
510 2292 583 2362 ἐπεὶ
599 2295 705 2385 μάτην
723 2291 820 2375 άετδς
837 2289 958 2383 δαείην
972 2290 1043 2361 ἀντὶ
1062 2299 1146 2360 θεοῦ

116 2400 336 2484 γεγενημένος.

167 2504 252 2559 ΓΔΗ.
291 2495 411 2565 Οῦκοῦν
428 2492 618 2587 ἐπιζητήσει
633 2522 675 2582 με
693 2495 712 2566 ὃ
730 2497 839 2587 πατὴρ
857 2500 913 2566 καί
930 2494 1147 2586 ἀγανακτήσει

117 2597 161 2688 μή
180 2595 350 2689 εῦρίσκων,
369 2602 426 2667 καὶ
442 2597 571 2689 πληγὰς
586 2596 722 2691 ὕστερον
739 2602 892 2690 λήψομαι
903 2597 1094 2667 καταλιπὼν
1107 2598 1145 2665 τδ

117 2707 283 2788 ποίμνιον.

168 2816 272 2871 ΖΕΥΣ
307 2810 378 2873 Ποῦ
395 2803 457 2895 γὰρ
476 2803 596 2886 ἐκεῖνος
614 2800 737 2892 δ’ψεταί
754 2830 807 2889 σε,·

167 2912 254 2970 PAN.
293 2908 477 2995 Μηδαμῶς·
495 2913 598 2975 ποθῶ
616 2906 677 2997 γὰρ
695 2904 756 2996 ήδη
776 2904 884 2975 αὐτόν.
921 2905 952 2974 εἰ
970 2906 1005 2973 δέ
1024 2903 1147 2974 ἐπανά-

118 3011 184 3093 ξεις
200 3034 257 3094 με,
276 3005 496 3095 ῦπισχνσῦμαί
513 3035 568 3078 σοι
584 3012 639 3078 καὶ
658 3008 755 3078 ἄλλον
772 3006 849 3097 παρ’
866 3006 966 3077 αὐτοῦ
983 3007 1073 3099 κριὸν
1090 3036 1147 3076 τυ-

118 3112 293 3201 θήσεσθαι
313 3111 414 3200 λύτρα
436 3109 520 3202 ῦπὲρ
544 3110 633 3197 ἐμοῦ.
669 3112 782 3198 ἔχομεν
804 3114 840 3180 δέ
860 3110 918 3181 τὸν
938 3118 1062 3201 τριετῆ,
1089 3109 1147 3180 τδν

117 3219 232 3302 μέγαν,
252 3212 289 3293 ὃς
305 3210 434 3302 ήγεῖται
449 3213 535 3305 πρὸς
551 3213 609 3304 τήν
625 3216 736 3303 νομήν.
870 3227 879 3235 ’
1265 3292 1267 3295 ,

168 3322 272 3377 ΖΕΥΣ
303 3311 352 3395 Ὦς
369 3312 493 3407 ἀφελὴς
512 3313 529 3384 δ
548 3330 630 3396 παῖς
648 3315 789 3384 ἐστικαὶ
808 3312 967 3397 ἆπλσίκδς
988 3317 1044 3384 καὶ
1065 3312 1180 3386 οῦτδι»

119 3416 157 3508 δή
170 3424 270 3485 ταῦτα
282 3430 365 3499 παῖς
377 3418 435 3486 έτι.
451 3460 490 3472 -
510 3415 589 3501 ἀλλ’,
605 3409 633 3486 ὦ
641 3418 837 3505 Γανύμηδες,
848 3417 953 3486 έκεῑνα
965 3418 1025 3503 μέν
1036 3417 1147 3483 πάντα

111 3528 242 3611 ’χαίρειν
258 3519 299 3588 έα
315 3524 370 3588 καὶ
388 3519 555 3589 έπιλαθοῦ
574 3519 696 3604 αὐτῶν,
714 3527 773 3589 τοῦ
790 3546 827 3589 τε
843 3526 999 3606 ποιμνίου
1016 3522 1147 3607 καὶτῆς

111 3621 212 3712 Ἴδης·
232 3620 270 3691 οῦ
280 3619 437 3712 δδ-ήδη
450 3620 513 3712 γὰρ
526 3623 723 3714 ἐπουράνιος
735 3620 933 3691 εί-πσλλδι
947 3613 1147 3710 εὗποιήσεις

102 3724 270 3795 έντεῦθεν
285 3729 341 3793 καὶ
358 3723 415 3793 τὸν
436 3732 565 3816 πατέρα
585 3730 641 3794 καὶ
661 3726 719 3814 τὴν
737 3726 895 3812 πατρίδα,
922 3726 978 3791 καὶ
1000 3721 1072 3791 ἀντὶ
1088 3724 1147 3808 μὲν

118 3830 290 3917 τυροῦ·καὶ
306 3828 467 3917 γάλακτος
484 3824 666 3917 ἀμβροσίαν
684 3828 740 3919 ἕδη
753 3831 809 3895 καὶ
821 3833 934 3917 νέκταρ
953 3832 1030 3916 πίη·
1047 3833 1145 3895 τοῦτο

119 3935 231 4016 μέντοι
246 3934 303 3998 καὶ
318 3945 390 4012 τοῖς
407 3929 520 4012 ἄλλοις
536 3928 614 4021 ἡμῖν
631 3928 730 4011 αὐτὸς
742 3934 895 4021 παρέξεις
908 3928 1039 4018 ἐγχέων·
1056 3928 1094 3999 τὸ
1110 3930 1146 3999 δέ

120 4037 285 4120 μέγιστον,
313 4032 421 4104 ούκέτι
439 4032 632 4125 άνδρωπσς,
657 4031 728 4102 ἄλλ’
745 4031 914 4112 ἀθάνατος
930 4033 1062 4125 γενήσῃ,
1090 4036 1146 4101 καί

171 4136 266 4180 buoloni
278 4137 320 4180 ναί.
329 4136 347 4180 Ι.
958 4135 976 4191 ὅ
