2722 4646
207 222 250 288 32
528 294 530 307 1
591 230 846 303 ΛΟΥΚῙΑΝΟΥ

206 363 266 424 μοι
284 338 371 405 δοκῶ
388 338 564 425 κερδανεῖν,
591 342 708 425 μηκέτι
725 331 879 423 ἀφίεσθαι
897 334 1041 415 πολλοὺς
1062 334 1156 427 παρὰ
1177 335 1240 427 νῆιν

207 438 303 523 ἀξίαν
325 430 360 506 εά
382 440 603 527 πράττοντας·
631 436 847 525 ἀνιαρότατον
872 436 934 529 γὰρ
959 437 1060 506 τοῦτό
1084 464 1131 525 γε.
1171 435 1235 527 ῆδη

206 544 291 612 ποτὲ
305 532 371 623 οὖν,
392 532 556 630 ὦΚρόνου
569 538 721 621 καὶῬίας
732 541 792 623 υἱὲ,
811 538 868 609 τὸν
880 539 991 626 βαθὺν
1004 546 1119 609 τοῦτον
1132 537 1239 609 ῦπνον

175 716 178 721 ,
207 642 472 729 ἀποσεισάμενος
488 645 544 710 καλ
561 643 763 731 νήδυμον-
779 640 864 732 ὑπὲρ
882 642 940 710 τὸν
950 638 1157 732 Ἐπιμενίδην
1173 642 1238 735 γὰρ

206 751 398 834 κεκοίμησαι
406 748 512 815 -καλ
521 742 741 835 ἀναρριπίσας
753 742 810 813 τὸν
823 744 976 834 κεραυνὸν
990 743 1055 834 ἢέν
1067 753 1126 835 τῆς
1140 747 1239 834 Οἴτης

207 848 428 933 ἐναυσάμενος
442 848 584 936 μεγάλην
601 849 746 935 ποιήσας
762 845 820 935 τῆν
838 848 947 937 φλόγα
965 847 1148 930 ἐπιδείξαιό
1160 875 1239 918 τινα

204 950 303 1041 χολῆν
322 949 510 1041 ἀνδρώδους
527 952 582 1017 καὶ
599 956 745 1018 νεανικοῦ
760 948 851 1032 Διὸς,
870 950 899 1017 εἰ
917 948 961 1039 μῆ
981 949 1091 1040 ἀληθῆ
1111 950 1240 1021 ἐστιτὰ

207 1052 276 1123 ἀπὸ
290 1060 427 1144 Κρητῶν
443 1055 595 1138 περὶτοῦ
609 1056 666 1120 καὶ
678 1059 738 1141 τῆς
750 1051 818 1120 ἐκεῖ
828 1059 936 1142 ταφῆς
950 1054 1238 1141 μυθολογούμενα.

174 1179 189 1227 ι
259 1164 362 1221 ΖΕΥΣ.
400 1161 455 1236 Τίς
473 1147 570 1235 οὗτός
588 1153 689 1237 ἔστιν,
718 1146 871 1244 ῶἘρμῆ,
901 1152 1105 1245 όκεκραγῶς
1126 1155 1161 1224 ἐκ
1176 1162 1238 1244 τῆς

203 1256 345 1345 Ἀττικῆς
362 1257 456 1344 παρὰ
472 1257 529 1325 τὸν
543 1254 694 1344 Ὑμηττὸν
715 1257 749 1325 ἐν
770 1265 809 1348 τῆ
826 1255 979 1347 ῦπωρείηι
1000 1256 1140 1346 πιναρὸς
1158 1253 1238 1338 δ’λος

207 1365 263 1428 καλ
281 1358 412 1445 αὐχμῶν
428 1363 484 1427 καὶ
500 1357 750 1448 ῦποδίφθερος,·
769 1361 908 1428 σκάπτει
927 1362 963 1427 δὲ
981 1357 1075 1445 οἶμαι
1088 1359 1240 1428 ἐπικεκυ·

209 1464 298 1553 φῶς·
324 1463 423 1542 λάλος
446 1457 627 1551 ἀνθρωπος
651 1465 708 1531 καὶ
732 1463 874 1550 θρασύς.
909 1453 929 1550 ἦ
958 1488 1024 1531 που
1044 1463 1239 1553 φιλόσοφός

208 1564 311 1634 ἐστιν·
331 1561 368 1632 οῦ
386 1562 448 1652 γάρ
467 1561 507 1633 ἀν
524 1561 630 1646 οῦτως
647 1562 779 1651 ἀσεβεῖς
794 1563 873 1645 τοὺς
889 1566 1007 1653 λόγους
1020 1566 1142 1655 διεξῆει
1156 1563 1236 1634 καθ’

206 1694 308 1757 ημων.

258 1776 343 1833 ΕΡΜ.
382 1774 421 1837 Τί
438 1768 513 1859 φῂς,
533 1759 561 1836 ῶ
579 1770 703 1865 πάτερς
721 1767 849 1857 ἀγνοεῖς
870 1776 1001 1854 Τίμωνα
1017 1767 1075 1837 τὸν
1089 1766 1240 1855 Ἐχεκραι

205 1875 299 1942 τίδου
317 1871 375 1941 τὸν
392 1876 575 1955 Κολλυτέα,Ι
603 1864 702 1953 οὗτός
721 1873 808 1941 ἐστιν
827 1870 844 1940 δ
868 1872 1028 1950 πολλάκις
1050 1870 1137 1960 ἡμᾶς
1154 1870 1235 1940 καθ’

208 1976 303 2064 ἱερῶν
320 1979 455 2044 τελείων
472 1975 642 2057 ἑστῶτας,
671 1972 689 2043 ό
709 1976 922 2055 νεόπλουτος,
951 1970 1144 2057 ότὸςόλας
1162 1974 1241 2042 ἑκα·

205 2079 342 2165 τόμβας,
361 2068 478 2166 παρήῦ
496 2081 658 2164 λαμπρῶς
675 2077 839 2167 ἑορτάζειν
859 2078 1022 2159 εἰσίδομεν
1043 2074 1086 2144 τὸ
1099 2077 1238 2148 Διάσια.
1354 2108 1356 2203 η

259 2186 362 2244 ΖΕΥΣ
401 2187 464 2248 Φεῦ
482 2187 540 2267 τῆς
559 2177 715 2268 ἀλλαγῆς·
735 2178 866 2261 ὃκαλὸς
880 2179 1009 2261 ἐκεῖνος,
1030 2176 1235 2271 δπλοόοιος,

206 2285 285 2372 περὶ
310 2282 348 2350 ὃν
374 2281 408 2350 ολ
432 2288 587 2350 τοσοῦτοι
613 2284 724 2371 φίλοις
749 2289 784 2350 τί
809 2281 934 2351 παθῶν
955 2282 1106 2361 τοιοῦτός
1128 2280 1238 2364 ίστινς

208 2381 386 2472 αάχμηρὸς,
407 2382 528 2462 ἀθλιος
544 2386 602 2450 καλ
619 2383 804 2464 σκαπανεὺς
821 2389 877 2452 καὶ
892 2381 1081 2470 μισθωτὸς,
1104 2379 1150 2463 ῶς
1168 2382 1238 2451 δοιὼ

206 2510 269 2566 κεν,
289 2483 377 2554 οῦτω
394 2493 531 2575 βαρεῖαν
547 2491 743 2575 καταφέρων
759 2486 818 2575 τῆν
836 2489 994 2555 δίκελλαν.

173 2603 190 2656 8
258 2596 345 2651 ΕΡΜ.
383 2586 511 2657 Οῦτωσλ
527 2588 586 2673 μὸν
605 2589 720 2671 εἰπεῖν,
743 2590 923 2679 χρηστότης
941 2586 1119 2677 ἐπέτριψεν
1136 2584 1237 2656 αὐτὸν

206 2692 264 2759 καλ
285 2694 528 2780 φιλανθρωπία
549 2694 606 2758 καλ
627 2689 645 2759 ό
669 2690 756 2777 πρὸς
780 2691 858 2771 τοὺς
884 2692 1057 2775 δεομένους
1083 2686 1237 2771 ἅπαντας

208 2792 329 2874 οἶκτος,
348 2790 396 2873 ῶς
414 2794 450 2860 δὲ
468 2790 592 2880 ἀληθεῖ
607 2794 704 2882 λόγῳ,
725 2789 823 2861 ἀνοια
840 2794 895 2860 καὶ
913 2790 1054 2881 εὐήθεια
1069 2796 1125 2861 καὶ
1142 2789 1237 2880 ἀκριι

207 2900 265 2963 σία
283 2897 361 2982 περὶ
377 2901 443 2961 τῶν
461 2897 577 2982 φίλων,
597 2894 635 2974 ὃς
654 2894 691 2964 οῦ
706 2901 810 2964 συνίει
823 2897 938 2981 κόραξι
951 2899 1006 2964 καί
1020 2897 1130 2976 λόκοις
1140 2922 1237 2985 χαρι·

208 2997 355 3082 ζόμενος,
380 2993 448 3063 ἀλλ’
460 2993 528 3066 ῦπὸ
546 3005 661 3085 γυπῶν
677 2998 844 3067 τοσσάτιον
862 2994 880 3065 ό
902 2999 1110 3083 κακοδαίμων
1127 2998 1237 3085 κειρό-

206 3124 304 3185 μενος
326 3098 364 3166 τὸ
386 3090 477 3189 ῆπαρ
501 3104 619 3190 φίλους
641 3098 725 3169 εἶναι
748 3099 867 3180 αὐτοὺς
888 3102 943 3168 καλ
967 3099 1116 3188 ἑταίρους
1138 3096 1234 3189 η’ίετο,

207 3197 264 3268 ἀπ’
275 3197 405 3282 εόνοίας
421 3209 480 3290 τῆς
496 3201 582 3292 πρὸς
600 3201 700 3272 αὐτὸν
715 3208 890 3292 χαίροντας
907 3210 946 3293 τῆ
964 3210 1064 3292 βορᾷ·
1087 3203 1121 3270 ολ
1138 3204 1175 3270 δὲ
1190 3200 1236 3270 τά

208 3299 291 3372 ὀστᾶ
308 3304 535 3391 γυμνώσαντες
553 3303 697 3394 ἀκριβῶς
713 3309 768 3372 καὶ
790 3306 1055 3395 περιτραγόντες,
1080 3306 1111 3372 εί
1129 3306 1166 3373 δέ
1182 3331 1236 3386 τις

206 3410 262 3475 καί
279 3403 399 3491 μυελὸς
416 3405 500 3496 ἐνῆν,
529 3394 762 3496 ἐκμυζήσαντες
782 3411 838 3475 καλ
855 3415 971 3476 τοῦτον
993 3399 1028 3476 εὖ
1051 3408 1142 3493 μάλα
1159 3406 1237 3475 δπι·

204 3511 327 3594 μελῶς,
354 3504 478 3596 η’ῦχοντο
497 3500 578 3578 αῦον
595 3508 694 3578 αὐτὸν
711 3512 765 3577 καὶ
782 3508 842 3590 τὸς
860 3512 951 3599 ῥίζας
968 3508 1236 3599 ὑποτετμημένον

206 3607 444 3693 ἀπολιπόντες,
472 3609 549 3680 οῦδὲ
569 3614 777 3702 γνωρίζοντες
799 3612 849 3681 ῦιι
870 3612 947 3682 οῦδὲ
968 3616 1236 3699 προσβλέποντες

206 3751 249 3765 -
267 3714 377 3783 πόθεν
394 3716 473 3803 γάρ,·
490 3711 571 3803 -ῆ
594 3713 842 3804 ἐπικουροῦντες
862 3713 885 3804 ἢ
908 3715 1113 3793 ἐπιδιδόντες
1135 3712 1235 3802 ἐντῶ

205 3820 309 3905 μέρει.
349 3814 406 3885 διὸ
427 3823 534 3886 ταῦτα
559 3818 739 3906 δικελλίτης
764 3822 820 3886 καὶ
846 3820 1039 3907 διφθερίας,
1069 3813 1115 3896 ῶς
1141 3812 1233 3905 δρᾷς,
1350 3898 1351 3909 η

207 3913 386 3987 ἀπολιπὼν
402 3914 460 3986 ἀπ’
470 3919 622 4007 αἰσχύνης
643 3918 683 3987 τὸ
701 3916 783 3989 ἀστυ
806 3926 934 4006 μισθοῦ
955 3931 1094 4008 γεωργεῖ
1113 3922 1236 4005 μελαγ-

193 4022 311 4104 χολῶν
326 4034 399 4102 τοῖς
415 4035 541 4104 κακοῖς,
569 4018 622 4091 δτι
641 4023 674 4091 οἱ
691 4026 909 4103 πλουτοῦντες
929 4019 1007 4112 παρ’
1019 4019 1120 4090 αῦτοῦ
1141 4020 1235 4111 μάλα

797 4119 817 4162 ε
