<?xml version="1.0" encoding="UTF-8"?>
<!DOCTYPE html PUBLIC "-//W3C//DTD XHTML 1.0 Transitional//EN"
    "http://www.w3.org/TR/xhtml1/DTD/xhtml1-transitional.dtd">
<html xmlns="http://www.w3.org/1999/xhtml" xml:lang="en" lang="en">
 <head>
  <title>
</title>
<meta http-equiv="Content-Type" content="text/html;charset=utf-8" />
  <meta name='ocr-system' content='tesseract 3.04.00' />
  <meta name='ocr-capabilities' content='ocr_page ocr_carea ocr_par ocr_line ocrx_word'/>
</head>
<body>
  <div class='ocr_page' id='page_1' title='image "./lucianisamosate04dindgoog_0281.png"; bbox 0 0 2740 4648; ppageno 0'>
   <div class='ocr_carea' id='block_1_1' title="bbox 33 186 1307 4085">
    <p class='ocr_par' dir='ltr' id='par_1_1' title="bbox 155 186 878 259">
     <span class='ocr_line' id='line_1_1' title="bbox 155 186 878 259; baseline -0.004 0"><span class='ocrx_word' id='word_1_1' title='bbox 155 186 159 195; x_wconf 84' lang='lat'><em>&#39;</em></span> <span class='ocrx_word' id='word_1_2' title='bbox 219 191 284 259; x_wconf 77' lang='lat'><strong><em>254</em></strong></span> <span class='ocrx_word' id='word_1_3' title='bbox 315 244 317 249; x_wconf 88' lang='lat'><em>.</em></span> <span class='ocrx_word' id='word_1_4' title='bbox 604 198 878 256; x_wconf 67' lang='grc' dir='ltr'><strong><em>κοινωνου-</em></strong></span> 
     </span>
    </p>

    <p class='ocr_par' dir='ltr' id='par_1_2' title="bbox 148 301 1244 1626">
     <span class='ocr_line' id='line_1_2' title="bbox 218 301 1240 402; baseline -0.001 -25"><span class='ocrx_word' id='word_1_5' title='bbox 218 313 327 402; x_wconf 85' lang='grc' dir='ltr'><strong><em>μένειν</em></strong></span> <span class='ocrx_word' id='word_1_6' title='bbox 343 304 500 398; x_wconf 71' lang='grc' dir='ltr'><strong><em>ἀσφαλές.</em></strong></span> <span class='ocrx_word' id='word_1_7' title='bbox 527 301 782 392; x_wconf 75' lang='grc' dir='ltr'><strong><em>ἀποτεινομένου</em></strong></span> <span class='ocrx_word' id='word_1_8' title='bbox 800 310 910 375; x_wconf 86' lang='grc' dir='ltr'><strong><em>τοίνυν</em></strong></span> <span class='ocrx_word' id='word_1_9' title='bbox 925 311 986 373; x_wconf 77' lang='grc' dir='ltr'><strong><em>τοῦ</em></strong></span> <span class='ocrx_word' id='word_1_10' title='bbox 1002 305 1107 374; x_wconf 87' lang='grc' dir='ltr'><strong><em>πότου</em></strong></span> <span class='ocrx_word' id='word_1_11' title='bbox 1120 307 1240 395; x_wconf 73' lang='grc' dir='ltr'><strong><em>κυλλό-</em></strong></span> 
     </span>
     <span class='ocr_line' id='line_1_3' title="bbox 219 406 1241 502; baseline -0.002 -23"><span class='ocrx_word' id='word_1_12' title='bbox 219 437 284 502; x_wconf 86' lang='grc' dir='ltr'><strong><em>γων</em></strong></span> <span class='ocrx_word' id='word_1_13' title='bbox 306 406 365 479; x_wconf 70' lang='grc' dir='ltr'><strong><em>ἐπὶ</em></strong></span> <span class='ocrx_word' id='word_1_14' title='bbox 386 406 497 497; x_wconf 88' lang='grc' dir='ltr'><strong><em>λόγοις</em></strong></span> <span class='ocrx_word' id='word_1_15' title='bbox 517 414 716 496; x_wconf 87' lang='grc' dir='ltr'><strong><em>γιγνομένων</em></strong></span> <span class='ocrx_word' id='word_1_16' title='bbox 726 411 792 476; x_wconf 72' lang='grc' dir='ltr'><strong><em>καὶ</em></strong></span> <span class='ocrx_word' id='word_1_17' title='bbox 815 409 996 495; x_wconf 75' lang='grc' dir='ltr'><em>θεαμάτων</em></span> <span class='ocrx_word' id='word_1_18' title='bbox 1018 407 1074 477; x_wconf 72' lang='grc' dir='ltr'><strong><em>ἐπὶ</em></strong></span> <span class='ocrx_word' id='word_1_19' title='bbox 1088 409 1241 494; x_wconf 69' lang='grc' dir='ltr'><strong><em>’θεάμασι</em></strong></span> 
     </span>
     <span class='ocr_line' id='line_1_4' title="bbox 219 506 1242 603; baseline -0.006 -19"><span class='ocrx_word' id='word_1_20' title='bbox 219 513 409 603; x_wconf 74' lang='grc' dir='ltr'><strong><em>παριόντων.</em></strong></span> <span class='ocrx_word' id='word_1_21' title='bbox 428 506 625 583; x_wconf 70' lang='grc' dir='ltr'><strong><em>-όπαντα</em></strong></span> <span class='ocrx_word' id='word_1_22' title='bbox 650 509 712 600; x_wconf 84' lang='grc' dir='ltr'><strong><em>γὰρ</em></strong></span> <span class='ocrx_word' id='word_1_23' title='bbox 739 509 975 594; x_wconf 70' lang='grc' dir='ltr'><strong><em>ἐπιδείξασθαί</em></strong></span> <span class='ocrx_word' id='word_1_24' title='bbox 1001 534 1055 580; x_wconf 85' lang='grc' dir='ltr'><strong><em>σοι</em></strong></span> <span class='ocrx_word' id='word_1_25' title='bbox 1080 509 1122 579; x_wconf 84' lang='grc' dir='ltr'><strong><em>τὰ</em></strong></span> <span class='ocrx_word' id='word_1_26' title='bbox 1144 508 1242 579; x_wconf 76' lang='grc' dir='ltr'><strong><em>αὑτοῦ</em></strong></span> 
     </span>
     <span class='ocr_line' id='line_1_5' title="bbox 219 610 1242 703; baseline -0.005 -19"><span class='ocrx_word' id='word_1_27' title='bbox 219 617 376 703; x_wconf 82' lang='grc' dir='ltr'><strong><em>βούλεται</em></strong></span> <span class='ocrx_word' id='word_1_28' title='bbox 392 652 435 665; x_wconf 90' lang='lat'>-</span> <span class='ocrx_word' id='word_1_29' title='bbox 452 614 588 685; x_wconf 75' lang='grc' dir='ltr'><strong><em>κόλασιν</em></strong></span> <span class='ocrx_word' id='word_1_30' title='bbox 610 610 649 681; x_wconf 80' lang='grc' dir='ltr'><strong><em>οὗ</em></strong></span> <span class='ocrx_word' id='word_1_31' title='bbox 671 611 790 702; x_wconf 77' lang='grc' dir='ltr'><strong><em>μικρὰν</em></strong></span> <span class='ocrx_word' id='word_1_32' title='bbox 811 610 985 701; x_wconf 80' lang='grc' dir='ltr'><strong><em>δπυμένεις</em></strong></span> <span class='ocrx_word' id='word_1_33' title='bbox 1002 614 1084 702; x_wconf 84' lang='grc' dir='ltr'><strong><em>μήτε</em></strong></span> <span class='ocrx_word' id='word_1_34' title='bbox 1102 610 1186 702; x_wconf 80' lang='grc' dir='ltr'><strong><em>δρῶν</em></strong></span> <span class='ocrx_word' id='word_1_35' title='bbox 1202 611 1242 680; x_wconf 80' lang='grc' dir='ltr'><strong><em>τὰ</em></strong></span> 
     </span>
     <span class='ocr_line' id='line_1_6' title="bbox 219 712 1242 807; baseline -0.005 -20"><span class='ocrx_word' id='word_1_36' title='bbox 219 718 391 807; x_wconf 89' lang='grc' dir='ltr'><strong><em>γιγνόμενα</em></strong></span> <span class='ocrx_word' id='word_1_37' title='bbox 408 715 490 805; x_wconf 87' lang='grc' dir='ltr'><strong><em>μήτε</em></strong></span> <span class='ocrx_word' id='word_1_38' title='bbox 508 714 636 784; x_wconf 82' lang='grc' dir='ltr'><strong><em>ἆκυόων</em></strong></span> <span class='ocrx_word' id='word_1_39' title='bbox 653 715 688 784; x_wconf 80' lang='grc' dir='ltr'><strong><em>εἰ’</em></strong></span> <span class='ocrx_word' id='word_1_40' title='bbox 699 742 751 796; x_wconf 89' lang='grc' dir='ltr'><strong><em>τις</em></strong></span> <span class='ocrx_word' id='word_1_41' title='bbox 768 712 842 805; x_wconf 75' lang='grc' dir='ltr'><strong><em>ᾄδει</em></strong></span> <span class='ocrx_word' id='word_1_42' title='bbox 863 713 886 806; x_wconf 83' lang='grc' dir='ltr'><strong><em>ή</em></strong></span> <span class='ocrx_word' id='word_1_43' title='bbox 906 717 1072 805; x_wconf 75' lang='grc' dir='ltr'><strong><em>κιθαρίζει</em></strong></span> <span class='ocrx_word' id='word_1_44' title='bbox 1093 716 1178 784; x_wconf 83' lang='grc' dir='ltr'><strong><em>πάνυ</em></strong></span> <span class='ocrx_word' id='word_1_45' title='bbox 1195 740 1242 784; x_wconf 88' lang='grc' dir='ltr'><strong><em>τι-</em></strong></span> 
     </span>
     <span class='ocr_line' id='line_1_7' title="bbox 219 813 1241 908; baseline -0.004 -20"><span class='ocrx_word' id='word_1_46' title='bbox 219 822 370 907; x_wconf 82' lang='grc' dir='ltr'><strong><em>μώμενος</em></strong></span> <span class='ocrx_word' id='word_1_47' title='bbox 386 818 605 908; x_wconf 73' lang='grc' dir='ltr'><strong><em>μειρακίσκος,</em></strong></span> <span class='ocrx_word' id='word_1_48' title='bbox 625 814 695 887; x_wconf 77' lang='grc' dir='ltr'><strong><em>ἄλλ’</em></strong></span> <span class='ocrx_word' id='word_1_49' title='bbox 707 818 852 899; x_wconf 79' lang='grc' dir='ltr'><strong><em>ἐπαινεῖς</em></strong></span> <span class='ocrx_word' id='word_1_50' title='bbox 865 819 923 904; x_wconf 76' lang='grc' dir='ltr'><strong><em>μὲν</em></strong></span> <span class='ocrx_word' id='word_1_51' title='bbox 936 815 993 886; x_wconf 70' lang='grc' dir='ltr'><strong><em>ὕπ’</em></strong></span> <span class='ocrx_word' id='word_1_52' title='bbox 1005 815 1151 907; x_wconf 82' lang='grc' dir='ltr'><strong><em>ἆνόγκης,</em></strong></span> <span class='ocrx_word' id='word_1_53' title='bbox 1171 813 1241 905; x_wconf 81' lang='grc' dir='ltr'><strong><em>εδγη</em></strong></span> 
     </span>
     <span class='ocr_line' id='line_1_8' title="bbox 221 918 1243 1011; baseline -0.006 -20"><span class='ocrx_word' id='word_1_54' title='bbox 221 925 257 991; x_wconf 82' lang='grc' dir='ltr'><strong><em>δί</em></strong></span> <span class='ocrx_word' id='word_1_55' title='bbox 278 920 300 1011; x_wconf 84' lang='grc' dir='ltr'><strong><em>ή</em></strong></span> <span class='ocrx_word' id='word_1_56' title='bbox 323 927 449 1010; x_wconf 76' lang='grc' dir='ltr'><strong><em>σεισμῷ</em></strong></span> <span class='ocrx_word' id='word_1_57' title='bbox 471 933 653 1007; x_wconf 80' lang='grc' dir='ltr'><strong><em>συμπεσεῖν</em></strong></span> <span class='ocrx_word' id='word_1_58' title='bbox 675 919 781 1009; x_wconf 76' lang='grc' dir='ltr'><strong><em>ἐκεῖνα</em></strong></span> <span class='ocrx_word' id='word_1_59' title='bbox 806 920 917 1011; x_wconf 77' lang='grc' dir='ltr'><strong><em>πάντα</em></strong></span> <span class='ocrx_word' id='word_1_60' title='bbox 942 918 965 1011; x_wconf 82' lang='grc' dir='ltr'><strong><em>ἢ</em></strong></span> <span class='ocrx_word' id='word_1_61' title='bbox 989 921 1154 1010; x_wconf 74' lang='grc' dir='ltr'><strong><em>πυρκαϊάν</em></strong></span> <span class='ocrx_word' id='word_1_62' title='bbox 1174 942 1243 986; x_wconf 88' lang='grc' dir='ltr'><strong><em>τινα</em></strong></span> 
     </span>
     <span class='ocr_line' id='line_1_9' title="bbox 219 1020 1242 1116; baseline -0.003 -22"><span class='ocrx_word' id='word_1_63' title='bbox 219 1027 524 1114; x_wconf 77' lang='grc' dir='ltr'><strong><em>προσαγγελθῆναι,</em></strong></span> <span class='ocrx_word' id='word_1_64' title='bbox 551 1020 606 1091; x_wconf 72' lang='grc' dir='ltr'><strong><em>ἵνα</em></strong></span> <span class='ocrx_word' id='word_1_65' title='bbox 627 1025 711 1091; x_wconf 74' lang='grc' dir='ltr'><strong><em>ποτέ</em></strong></span> <span class='ocrx_word' id='word_1_66' title='bbox 737 1027 794 1105; x_wconf 72' lang='grc' dir='ltr'><strong><em>καί</em></strong></span> <span class='ocrx_word' id='word_1_67' title='bbox 820 1024 964 1116; x_wconf 84' lang='grc' dir='ltr'><strong><em>διαλυθῇ</em></strong></span> <span class='ocrx_word' id='word_1_68' title='bbox 989 1023 1028 1094; x_wconf 90' lang='grc' dir='ltr'><strong><em>τὸ</em></strong></span> <span class='ocrx_word' id='word_1_69' title='bbox 1052 1023 1242 1112; x_wconf 88' lang='grc' dir='ltr'><strong><em>συμπόσιον.</em></strong></span> 
     </span>
     <span class='ocr_line' id='line_1_10' title="bbox 170 1117 1241 1217; baseline -0.008 -17"><span class='ocrx_word' id='word_1_70' title='bbox 170 1150 201 1201; x_wconf 84' lang='grc'><strong><em>19</em></strong></span> <span class='ocrx_word' id='word_1_71' title='bbox 219 1135 318 1197; x_wconf 77' lang='grc' dir='ltr'><strong><em>τοῦτο</em></strong></span> <span class='ocrx_word' id='word_1_72' title='bbox 335 1129 395 1213; x_wconf 77' lang='grc' dir='ltr'><strong><em>μέν</em></strong></span> <span class='ocrx_word' id='word_1_73' title='bbox 413 1126 452 1215; x_wconf 88' lang='grc' dir='ltr'><strong><em>δή</em></strong></span> <span class='ocrx_word' id='word_1_74' title='bbox 472 1148 526 1196; x_wconf 85' lang='grc' dir='ltr'><strong><em>σοι</em></strong></span> <span class='ocrx_word' id='word_1_75' title='bbox 538 1124 576 1194; x_wconf 84' lang='grc' dir='ltr'><strong><em>τὸ</em></strong></span> <span class='ocrx_word' id='word_1_76' title='bbox 590 1133 733 1217; x_wconf 82' lang='grc' dir='ltr'><strong><em>πρῶτον,</em></strong></span> <span class='ocrx_word' id='word_1_77' title='bbox 753 1117 913 1214; x_wconf 77' lang='grc' dir='ltr'><strong><em>ὦδιαῖρε,</em></strong></span> <span class='ocrx_word' id='word_1_78' title='bbox 932 1131 988 1195; x_wconf 83' lang='grc' dir='ltr'><strong><em>καί</em></strong></span> <span class='ocrx_word' id='word_1_79' title='bbox 999 1123 1135 1216; x_wconf 82' lang='grc' dir='ltr'><strong><em>ήδιστον</em></strong></span> <span class='ocrx_word' id='word_1_80' title='bbox 1147 1125 1241 1193; x_wconf 72' lang='grc' dir='ltr'><strong><em>έκεῖνο</em></strong></span> 
     </span>
     <span class='ocr_line' id='line_1_11' title="bbox 222 1225 1243 1317; baseline -0.005 -18"><span class='ocrx_word' id='word_1_81' title='bbox 222 1233 368 1312; x_wconf 78' lang='grc' dir='ltr'><strong><em>δεῖπνον,</em></strong></span> <span class='ocrx_word' id='word_1_82' title='bbox 397 1225 456 1296; x_wconf 85' lang='grc' dir='ltr'><strong><em>οόκ</em></strong></span> <span class='ocrx_word' id='word_1_83' title='bbox 476 1229 587 1316; x_wconf 80' lang='grc' dir='ltr'><strong><em>έμοιγε</em></strong></span> <span class='ocrx_word' id='word_1_84' title='bbox 612 1235 672 1298; x_wconf 83' lang='grc' dir='ltr'><strong><em>τοῦ</em></strong></span> <span class='ocrx_word' id='word_1_85' title='bbox 699 1229 811 1314; x_wconf 87' lang='grc' dir='ltr'><strong><em>θόμου</em></strong></span> <span class='ocrx_word' id='word_1_86' title='bbox 838 1232 894 1298; x_wconf 84' lang='grc' dir='ltr'><strong><em>καὶ</em></strong></span> <span class='ocrx_word' id='word_1_87' title='bbox 919 1236 985 1299; x_wconf 77' lang='grc' dir='ltr'><strong><em>τῶν</em></strong></span> <span class='ocrx_word' id='word_1_88' title='bbox 1013 1233 1136 1317; x_wconf 81' lang='grc' dir='ltr'><strong><em>λευκῶν</em></strong></span> <span class='ocrx_word' id='word_1_89' title='bbox 1162 1225 1243 1295; x_wconf 80' lang='grc' dir='ltr'><strong><em>ἆλδν</em></strong></span> 
     </span>
     <span class='ocr_line' id='line_1_12' title="bbox 219 1328 1244 1423; baseline -0.005 -21"><span class='ocrx_word' id='word_1_90' title='bbox 219 1331 328 1423; x_wconf 85' lang='grc' dir='ltr'><strong><em>ήδιυν,</em></strong></span> <span class='ocrx_word' id='word_1_91' title='bbox 352 1328 494 1420; x_wconf 79' lang='grc' dir='ltr'><strong><em>ὁπηνίκα</em></strong></span> <span class='ocrx_word' id='word_1_92' title='bbox 509 1331 675 1417; x_wconf 86' lang='grc' dir='ltr'><strong><em>βούλομαι</em></strong></span> <span class='ocrx_word' id='word_1_93' title='bbox 691 1334 747 1399; x_wconf 82' lang='grc' dir='ltr'><strong><em>καὶ</em></strong></span> <span class='ocrx_word' id='word_1_94' title='bbox 764 1328 906 1416; x_wconf 85' lang='grc' dir='ltr'><strong><em>δπόσον,</em></strong></span> <span class='ocrx_word' id='word_1_95' title='bbox 931 1333 1116 1420; x_wconf 78' lang='grc' dir='ltr'><strong><em>ἐλευθέρως</em></strong></span> <span class='ocrx_word' id='word_1_96' title='bbox 1134 1329 1244 1399; x_wconf 71' lang='grc' dir='ltr'><strong><em>ἐσθιο-</em></strong></span> 
     </span>
     <span class='ocr_line' id='line_1_13' title="bbox 183 1426 1244 1524; baseline -0.003 -21"><span class='ocrx_word' id='word_1_97' title='bbox 183 1460 188 1467; x_wconf 86' lang='grc'><em>·</em></span> <span class='ocrx_word' id='word_1_98' title='bbox 219 1441 334 1523; x_wconf 84' lang='grc' dir='ltr'><strong><em>μένων.</em></strong></span> <span class='ocrx_word' id='word_1_99' title='bbox 374 1434 429 1502; x_wconf 72' lang='grc' dir='ltr'><strong><em>ἵνα</em></strong></span> <span class='ocrx_word' id='word_1_100' title='bbox 451 1430 482 1501; x_wconf 80' lang='grc' dir='ltr'><strong><em>δ’</em></strong></span> <span class='ocrx_word' id='word_1_101' title='bbox 500 1426 556 1503; x_wconf 82' lang='grc' dir='ltr'><strong><em>σόν</em></strong></span> <span class='ocrx_word' id='word_1_102' title='bbox 580 1458 635 1502; x_wconf 93' lang='grc' dir='ltr'><strong><em>σοι</em></strong></span> <span class='ocrx_word' id='word_1_103' title='bbox 653 1432 713 1522; x_wconf 83' lang='grc' dir='ltr'><strong><em>τήν</em></strong></span> <span class='ocrx_word' id='word_1_104' title='bbox 736 1431 929 1524; x_wconf 78' lang='grc' dir='ltr'><strong><em>ὀξυρεγμίαν</em></strong></span> <span class='ocrx_word' id='word_1_105' title='bbox 955 1434 1013 1524; x_wconf 83' lang='grc' dir='ltr'><strong><em>τήν</em></strong></span> <span class='ocrx_word' id='word_1_106' title='bbox 1039 1434 1098 1503; x_wconf 75' lang='grc' dir='ltr'><strong><em>ἐπὶ</em></strong></span> <span class='ocrx_word' id='word_1_107' title='bbox 1119 1433 1244 1512; x_wconf 85' lang='grc' dir='ltr'><strong><em>τούτοις</em></strong></span> 
     </span>
     <span class='ocr_line' id='line_1_14' title="bbox 148 1534 1243 1626; baseline 0.002 -27"><span class='ocrx_word' id='word_1_108' title='bbox 148 1596 151 1599; x_wconf 64' lang='lat'><strong>„</strong></span> <span class='ocrx_word' id='word_1_109' title='bbox 220 1544 319 1626; x_wconf 82' lang='grc' dir='ltr'><strong><em>παρῶ</em></strong></span> <span class='ocrx_word' id='word_1_110' title='bbox 337 1534 465 1604; x_wconf 77' lang='grc' dir='ltr'><strong><em>καὶτὸν</em></strong></span> <span class='ocrx_word' id='word_1_111' title='bbox 483 1534 516 1605; x_wconf 77' lang='grc' dir='ltr'><strong><em>δν</em></strong></span> <span class='ocrx_word' id='word_1_112' title='bbox 531 1543 573 1625; x_wconf 81' lang='grc' dir='ltr'><strong><em>τῇ</em></strong></span> <span class='ocrx_word' id='word_1_113' title='bbox 589 1539 678 1604; x_wconf 80' lang='grc' dir='ltr'><strong><em>νυκτὶ</em></strong></span> <span class='ocrx_word' id='word_1_114' title='bbox 698 1535 819 1625; x_wconf 68' lang='grc' dir='ltr'><strong><em>ἔμετον,</em></strong></span> <span class='ocrx_word' id='word_1_115' title='bbox 840 1536 948 1606; x_wconf 68' lang='grc' dir='ltr'><strong><em>ἕωθεν</em></strong></span> <span class='ocrx_word' id='word_1_116' title='bbox 966 1538 1077 1626; x_wconf 79' lang='grc' dir='ltr'><strong><em>δεήσει</em></strong></span> <span class='ocrx_word' id='word_1_117' title='bbox 1094 1539 1243 1624; x_wconf 78' lang='grc' dir='ltr'><strong><em>περὶτοῦ</em></strong></span> 
     </span>
    </p>

    <p class='ocr_par' dir='ltr' id='par_1_3' title="bbox 174 1635 1307 3674">
     <span class='ocr_line' id='line_1_15' title="bbox 221 1635 1307 1727; baseline -0.003 -20"><span class='ocrx_word' id='word_1_118' title='bbox 221 1646 349 1726; x_wconf 82' lang='grc' dir='ltr'><strong><em>μισθοῦ</em></strong></span> <span class='ocrx_word' id='word_1_119' title='bbox 368 1645 531 1727; x_wconf 80' lang='grc' dir='ltr'><strong><em>συμβῆναι</em></strong></span> <span class='ocrx_word' id='word_1_120' title='bbox 548 1636 646 1724; x_wconf 74' lang='grc' dir='ltr'><strong><em>ὑμᾶς,</em></strong></span> <span class='ocrx_word' id='word_1_121' title='bbox 676 1635 803 1708; x_wconf 82' lang='grc' dir='ltr'><strong><em>ὁπόσον</em></strong></span> <span class='ocrx_word' id='word_1_122' title='bbox 824 1662 861 1707; x_wconf 88' lang='grc' dir='ltr'><strong><em>τε</em></strong></span> <span class='ocrx_word' id='word_1_123' title='bbox 881 1643 937 1708; x_wconf 85' lang='grc' dir='ltr'><strong><em>καὶ</em></strong></span> <span class='ocrx_word' id='word_1_124' title='bbox 955 1637 1061 1709; x_wconf 86' lang='grc' dir='ltr'><strong><em>δπότε</em></strong></span> <span class='ocrx_word' id='word_1_125' title='bbox 1082 1646 1140 1708; x_wconf 79' lang='grc' dir='ltr'><strong><em>τοῦ</em></strong></span> <span class='ocrx_word' id='word_1_126' title='bbox 1159 1637 1244 1716; x_wconf 82' lang='grc' dir='ltr'><strong><em>ἐ’τυυς</em></strong></span> <span class='ocrx_word' id='word_1_127' title='bbox 1303 1708 1307 1713; x_wconf 68' lang='grc'>,</span> 
     </span>
     <span class='ocr_line' id='line_1_16' title="bbox 219 1733 1243 1833; baseline -0.001 -25"><span class='ocrx_word' id='word_1_128' title='bbox 219 1739 281 1831; x_wconf 79' lang='grc' dir='ltr'><strong><em>χρὴ</em></strong></span> <span class='ocrx_word' id='word_1_129' title='bbox 299 1742 485 1828; x_wconf 80' lang='grc' dir='ltr'><strong><em>λαμβάνειν.</em></strong></span> <span class='ocrx_word' id='word_1_130' title='bbox 520 1741 695 1830; x_wconf 80' lang='grc' dir='ltr'><strong><em>παρόντων</em></strong></span> <span class='ocrx_word' id='word_1_131' title='bbox 712 1733 769 1810; x_wconf 80' lang='grc' dir='ltr'><strong><em>οὖν</em></strong></span> <span class='ocrx_word' id='word_1_132' title='bbox 787 1742 847 1810; x_wconf 83' lang='grc' dir='ltr'><strong><em>δύο</em></strong></span> <span class='ocrx_word' id='word_1_133' title='bbox 865 1738 1003 1831; x_wconf 80' lang='grc' dir='ltr'><strong><em>ήτριιόν</em></strong></span> <span class='ocrx_word' id='word_1_134' title='bbox 1020 1747 1128 1833; x_wconf 80' lang='grc' dir='ltr'><strong><em>φίλων</em></strong></span> <span class='ocrx_word' id='word_1_135' title='bbox 1145 1763 1243 1828; x_wconf 88' lang='grc' dir='ltr'><strong><em>προσ-</em></strong></span> 
     </span>
     <span class='ocr_line' id='line_1_17' title="bbox 222 1837 1243 1934; baseline -0.003 -22"><span class='ocrx_word' id='word_1_136' title='bbox 222 1847 361 1924; x_wconf 82' lang='grc' dir='ltr'><strong><em>καλέσας</em></strong></span> <span class='ocrx_word' id='word_1_137' title='bbox 379 1865 417 1912; x_wconf 90' lang='grc' dir='ltr'><strong><em>σε</em></strong></span> <span class='ocrx_word' id='word_1_138' title='bbox 434 1846 490 1910; x_wconf 83' lang='grc' dir='ltr'><strong><em>καὶ</em></strong></span> <span class='ocrx_word' id='word_1_139' title='bbox 507 1842 711 1926; x_wconf 75' lang='grc' dir='ltr'><strong><em>καθίζεσθαι</em></strong></span> <span class='ocrx_word' id='word_1_140' title='bbox 732 1845 887 1925; x_wconf 77' lang='grc' dir='ltr'><strong><em>κελεύσας</em></strong></span> <span class='ocrx_word' id='word_1_141' title='bbox 905 1843 1040 1934; x_wconf 73' lang='grc' dir='ltr'><strong><em>ἄρχεται</em></strong></span> <span class='ocrx_word' id='word_1_142' title='bbox 1062 1848 1180 1932; x_wconf 89' lang='grc' dir='ltr'><strong><em>λέγειν·</em></strong></span> <span class='ocrx_word' id='word_1_143' title='bbox 1204 1837 1243 1909; x_wconf 81' lang='grc' dir='ltr'><strong><em>τὰ</em></strong></span> 
     </span>
     <span class='ocr_line' id='line_1_18' title="bbox 222 1941 1244 2036; baseline -0.003 -23"><span class='ocrx_word' id='word_1_144' title='bbox 222 1948 280 2032; x_wconf 79' lang='grc' dir='ltr'><strong><em>μέν</em></strong></span> <span class='ocrx_word' id='word_1_145' title='bbox 297 1944 440 2036; x_wconf 81' lang='grc' dir='ltr'><strong><em>ἡμέτερα</em></strong></span> <span class='ocrx_word' id='word_1_146' title='bbox 458 1944 563 2014; x_wconf 79' lang='grc' dir='ltr'><strong><em>ὁποῖοί</em></strong></span> <span class='ocrx_word' id='word_1_147' title='bbox 582 1944 669 2014; x_wconf 74' lang='grc' dir='ltr'><strong><em>ἐστιν</em></strong></span> <span class='ocrx_word' id='word_1_148' title='bbox 687 1946 826 2036; x_wconf 80' lang='grc' dir='ltr'><strong><em>ἑόρακας</em></strong></span> <span class='ocrx_word' id='word_1_149' title='bbox 846 1945 922 2036; x_wconf 84' lang='grc' dir='ltr'><strong><em>ήδη,</em></strong></span> <span class='ocrx_word' id='word_1_150' title='bbox 950 1950 1006 2014; x_wconf 89' lang='grc' dir='ltr'><strong><em>καὶ</em></strong></span> <span class='ocrx_word' id='word_1_151' title='bbox 1028 1944 1076 2029; x_wconf 76' lang='grc' dir='ltr'><strong><em>ὥς</em></strong></span> <span class='ocrx_word' id='word_1_152' title='bbox 1097 1952 1199 2035; x_wconf 80' lang='grc' dir='ltr'><strong><em>τῦφος</em></strong></span> <span class='ocrx_word' id='word_1_153' title='bbox 1215 1941 1244 2010; x_wconf 86' lang='grc' dir='ltr'><strong><em>έν</em></strong></span> 
     </span>
     <span class='ocr_line' id='line_1_19' title="bbox 223 2042 1245 2137; baseline -0.001 -21"><span class='ocrx_word' id='word_1_154' title='bbox 223 2047 336 2129; x_wconf 74' lang='grc' dir='ltr'><strong><em>αὐτοῖς</em></strong></span> <span class='ocrx_word' id='word_1_155' title='bbox 354 2046 431 2116; x_wconf 79' lang='grc' dir='ltr'><strong><em>υδδέ</em></strong></span> <span class='ocrx_word' id='word_1_156' title='bbox 449 2049 509 2130; x_wconf 80' lang='grc' dir='ltr'><strong><em>εἰς,</em></strong></span> <span class='ocrx_word' id='word_1_157' title='bbox 530 2045 747 2137; x_wconf 73' lang='grc' dir='ltr'><strong><em>ἀτραγῴδητα</em></strong></span> <span class='ocrx_word' id='word_1_158' title='bbox 765 2042 874 2117; x_wconf 78' lang='grc' dir='ltr'><strong><em>δὲκαὶ</em></strong></span> <span class='ocrx_word' id='word_1_159' title='bbox 891 2048 976 2131; x_wconf 82' lang='grc' dir='ltr'><strong><em>πεζὰ</em></strong></span> <span class='ocrx_word' id='word_1_160' title='bbox 993 2051 1106 2118; x_wconf 85' lang='grc' dir='ltr'><strong><em>πάντα</em></strong></span> <span class='ocrx_word' id='word_1_161' title='bbox 1122 2049 1176 2117; x_wconf 80' lang='grc' dir='ltr'><strong><em>καὶ</em></strong></span> <span class='ocrx_word' id='word_1_162' title='bbox 1193 2047 1245 2134; x_wconf 83' lang='grc' dir='ltr'><strong><em>δη-</em></strong></span> 
     </span>
     <span class='ocr_line' id='line_1_20' title="bbox 222 2148 1244 2242; baseline -0.005 -21"><span class='ocrx_word' id='word_1_163' title='bbox 222 2151 358 2238; x_wconf 59' lang='grc' dir='ltr'><strong><em>μοτικός</em></strong></span> <span class='ocrx_word' id='word_1_164' title='bbox 377 2150 438 2241; x_wconf 84' lang='grc' dir='ltr'><strong><em>χρή</em></strong></span> <span class='ocrx_word' id='word_1_165' title='bbox 457 2152 494 2218; x_wconf 89' lang='grc' dir='ltr'><strong><em>δέ</em></strong></span> <span class='ocrx_word' id='word_1_166' title='bbox 511 2176 549 2219; x_wconf 88' lang='grc' dir='ltr'><strong><em>σε</em></strong></span> <span class='ocrx_word' id='word_1_167' title='bbox 568 2148 673 2232; x_wconf 71' lang='grc' dir='ltr'><strong><em>οὕτως</em></strong></span> <span class='ocrx_word' id='word_1_168' title='bbox 691 2152 773 2236; x_wconf 74' lang='grc' dir='ltr'><strong><em>ἔχειν</em></strong></span> <span class='ocrx_word' id='word_1_169' title='bbox 796 2149 842 2232; x_wconf 78' lang='grc' dir='ltr'><strong><em>ὡς</em></strong></span> <span class='ocrx_word' id='word_1_170' title='bbox 859 2149 1014 2220; x_wconf 82' lang='grc' dir='ltr'><strong><em>ἆπόντων</em></strong></span> <span class='ocrx_word' id='word_1_171' title='bbox 1035 2150 1115 2242; x_wconf 87' lang='grc' dir='ltr'><strong><em>ήμῖν</em></strong></span> <span class='ocrx_word' id='word_1_172' title='bbox 1131 2155 1244 2218; x_wconf 76' lang='grc' dir='ltr'><strong><em>’κοινῶν</em></strong></span> 
     </span>
     <span class='ocr_line' id='line_1_21' title="bbox 224 2253 1245 2344; baseline -0.005 -22"><span class='ocrx_word' id='word_1_173' title='bbox 224 2254 401 2339; x_wconf 85' lang='grc' dir='ltr'><strong><em>έσομένων·</em></strong></span> <span class='ocrx_word' id='word_1_174' title='bbox 427 2256 555 2340; x_wconf 88' lang='grc' dir='ltr'><strong><em>γελοίαν</em></strong></span> <span class='ocrx_word' id='word_1_175' title='bbox 572 2253 633 2343; x_wconf 79' lang='grc' dir='ltr'><strong><em>γὰρ</em></strong></span> <span class='ocrx_word' id='word_1_176' title='bbox 653 2255 683 2322; x_wconf 84' lang='grc' dir='ltr'><strong><em>εί</em></strong></span> <span class='ocrx_word' id='word_1_177' title='bbox 699 2254 738 2322; x_wconf 90' lang='grc' dir='ltr'><strong><em>τὸ</em></strong></span> <span class='ocrx_word' id='word_1_178' title='bbox 756 2255 971 2344; x_wconf 81' lang='grc' dir='ltr'><strong><em>κυριώτατον,</em></strong></span> <span class='ocrx_word' id='word_1_179' title='bbox 994 2253 1052 2342; x_wconf 85' lang='grc' dir='ltr'><strong><em>τήν</em></strong></span> <span class='ocrx_word' id='word_1_180' title='bbox 1070 2254 1179 2342; x_wconf 77' lang='grc' dir='ltr'><strong><em>ψυχήν</em></strong></span> <span class='ocrx_word' id='word_1_181' title='bbox 1196 2274 1245 2320; x_wconf 91' lang='grc' dir='ltr'><strong><em>σοι</em></strong></span> 
     </span>
     <span class='ocr_line' id='line_1_22' title="bbox 222 2349 1245 2446; baseline -0.004 -21"><span class='ocrx_word' id='word_1_182' title='bbox 222 2356 280 2445; x_wconf 85' lang='grc' dir='ltr'><strong><em>τήν</em></strong></span> <span class='ocrx_word' id='word_1_183' title='bbox 298 2355 439 2440; x_wconf 83' lang='grc' dir='ltr'><strong><em>ίμαυ-τοῦ</em></strong></span> <span class='ocrx_word' id='word_1_184' title='bbox 456 2353 478 2443; x_wconf 79' lang='grc' dir='ltr'><em>ἢ</em></span> <span class='ocrx_word' id='word_1_185' title='bbox 495 2358 550 2423; x_wconf 83' lang='grc' dir='ltr'><strong><em>καὶ</em></strong></span> <span class='ocrx_word' id='word_1_186' title='bbox 567 2355 604 2446; x_wconf 85' lang='grc' dir='ltr'><strong><em>νή</em></strong></span> <span class='ocrx_word' id='word_1_187' title='bbox 624 2364 690 2424; x_wconf 85' lang='grc' dir='ltr'><strong><em>Δία</em></strong></span> <span class='ocrx_word' id='word_1_188' title='bbox 705 2364 772 2426; x_wconf 82' lang='grc' dir='ltr'><strong><em>τῶν</em></strong></span> <span class='ocrx_word' id='word_1_189' title='bbox 789 2358 980 2425; x_wconf 83' lang='grc' dir='ltr'><strong><em>παίδων-</em></strong></span> <span class='ocrx_word' id='word_1_190' title='bbox 998 2357 1028 2424; x_wconf 83' lang='grc' dir='ltr'><strong><em>εί</em></strong></span> <span class='ocrx_word' id='word_1_191' title='bbox 1050 2358 1171 2437; x_wconf 88' lang='grc' dir='ltr'><strong><em>παῖδες</em></strong></span> <span class='ocrx_word' id='word_1_192' title='bbox 1188 2349 1245 2422; x_wconf 78' lang='grc' dir='ltr'><strong><em>εἶεν</em></strong></span> 
     </span>
     <span class='ocr_line' id='line_1_23' title="bbox 224 2451 1245 2550; baseline 0 -24"><span class='ocrx_word' id='word_1_193' title='bbox 224 2456 313 2546; x_wconf 73' lang='grc' dir='ltr'><strong><em>αὐτῷ</em></strong></span> <span class='ocrx_word' id='word_1_194' title='bbox 332 2457 540 2539; x_wconf 79' lang='grc' dir='ltr'><strong><em>παιδεύσεως</em></strong></span> <span class='ocrx_word' id='word_1_195' title='bbox 557 2459 709 2544; x_wconf 87' lang='grc' dir='ltr'><strong><em>δεόμενοι</em></strong></span> <span class='ocrx_word' id='word_1_196' title='bbox 726 2498 768 2510; x_wconf 81' lang='lat'><strong><em>——</em></strong></span> <span class='ocrx_word' id='word_1_197' title='bbox 787 2458 974 2550; x_wconf 74' lang='grc' dir='ltr'><strong><em>ἐπιτρέπων</em></strong></span> <span class='ocrx_word' id='word_1_198' title='bbox 995 2466 1061 2528; x_wconf 80' lang='grc' dir='ltr'><strong><em>τῶν</em></strong></span> <span class='ocrx_word' id='word_1_199' title='bbox 1086 2456 1190 2527; x_wconf 74' lang='grc' dir='ltr'><strong><em>ἄλλων</em></strong></span> <span class='ocrx_word' id='word_1_200' title='bbox 1203 2451 1245 2542; x_wconf 75' lang='grc' dir='ltr'><strong><em>’μὴ</em></strong></span> 
     </span>
     <span class='ocr_line' id='line_1_24' title="bbox 174 2557 1246 2651; baseline -0.004 -24"><span class='ocrx_word' id='word_1_201' title='bbox 174 2600 179 2610; x_wconf 66' lang='grc'><strong><em>«</em></strong></span> <span class='ocrx_word' id='word_1_202' title='bbox 224 2557 276 2629; x_wconf 73' lang='grc' dir='ltr'><strong><em>ἐπ’</em></strong></span> <span class='ocrx_word' id='word_1_203' title='bbox 287 2561 362 2649; x_wconf 79' lang='grc' dir='ltr'><strong><em>ἴσης</em></strong></span> <span class='ocrx_word' id='word_1_204' title='bbox 378 2557 516 2650; x_wconf 82' lang='grc' dir='ltr'><strong><em>ἡγοίμην</em></strong></span> <span class='ocrx_word' id='word_1_205' title='bbox 534 2562 708 2651; x_wconf 81' lang='grc' dir='ltr'><strong><em>δεσπότην.</em></strong></span> <span class='ocrx_word' id='word_1_206' title='bbox 745 2561 820 2630; x_wconf 79' lang='grc' dir='ltr'><strong><em>έπεὶ</em></strong></span> <span class='ocrx_word' id='word_1_207' title='bbox 843 2564 880 2630; x_wconf 77' lang='grc' dir='ltr'><strong><em>δὲ</em></strong></span> <span class='ocrx_word' id='word_1_208' title='bbox 895 2567 951 2629; x_wconf 86' lang='grc' dir='ltr'><strong><em>καὶ</em></strong></span> <span class='ocrx_word' id='word_1_209' title='bbox 969 2558 1121 2651; x_wconf 74' lang='grc' dir='ltr'><strong><em>ὡρίσθαι</em></strong></span> <span class='ocrx_word' id='word_1_210' title='bbox 1142 2588 1175 2629; x_wconf 91' lang='grc' dir='ltr'><strong><em>τι</em></strong></span> <span class='ocrx_word' id='word_1_211' title='bbox 1191 2559 1246 2638; x_wconf 75' lang='grc' dir='ltr'><strong><em>δεῖ,</em></strong></span> 
     </span>
     <span class='ocr_line' id='line_1_25' title="bbox 225 2658 1247 2754; baseline -0.006 -24"><span class='ocrx_word' id='word_1_212' title='bbox 225 2659 294 2750; x_wconf 77' lang='grc' dir='ltr'><strong><em>δρῶ</em></strong></span> <span class='ocrx_word' id='word_1_213' title='bbox 319 2664 377 2748; x_wconf 79' lang='grc' dir='ltr'><strong><em>μὲν</em></strong></span> <span class='ocrx_word' id='word_1_214' title='bbox 403 2661 441 2731; x_wconf 86' lang='grc' dir='ltr'><strong><em>τὸ</em></strong></span> <span class='ocrx_word' id='word_1_215' title='bbox 468 2668 601 2753; x_wconf 86' lang='grc' dir='ltr'><strong><em>μέτριον</em></strong></span> <span class='ocrx_word' id='word_1_216' title='bbox 625 2669 681 2731; x_wconf 83' lang='grc' dir='ltr'><strong><em>καί</em></strong></span> <span class='ocrx_word' id='word_1_217' title='bbox 704 2661 860 2754; x_wconf 83' lang='grc' dir='ltr'><strong><em>αδταρκες</em></strong></span> <span class='ocrx_word' id='word_1_218' title='bbox 885 2670 944 2730; x_wconf 82' lang='grc' dir='ltr'><strong><em>τοῦ</em></strong></span> <span class='ocrx_word' id='word_1_219' title='bbox 966 2668 1027 2732; x_wconf 81' lang='grc' dir='ltr'><strong><em>σοῦ</em></strong></span> <span class='ocrx_word' id='word_1_220' title='bbox 1048 2665 1177 2752; x_wconf 81' lang='grc' dir='ltr'><strong><em>τρόπον</em></strong></span> <span class='ocrx_word' id='word_1_221' title='bbox 1197 2658 1247 2726; x_wconf 84' lang='grc' dir='ltr'><strong><em>καί</em></strong></span> 
     </span>
     <span class='ocr_line' id='line_1_26' title="bbox 225 2761 1247 2855; baseline -0.004 -22"><span class='ocrx_word' id='word_1_222' title='bbox 225 2771 358 2853; x_wconf 86' lang='grc' dir='ltr'><strong><em>συνίημι</em></strong></span> <span class='ocrx_word' id='word_1_223' title='bbox 378 2761 426 2844; x_wconf 84' lang='grc' dir='ltr'><strong><em>ιδς</em></strong></span> <span class='ocrx_word' id='word_1_224' title='bbox 446 2764 520 2848; x_wconf 83' lang='grc' dir='ltr'><strong><em>οδγλ</em></strong></span> <span class='ocrx_word' id='word_1_225' title='bbox 541 2773 670 2852; x_wconf 79' lang='grc' dir='ltr'><strong><em>μισθοῦ</em></strong></span> <span class='ocrx_word' id='word_1_226' title='bbox 693 2765 805 2834; x_wconf 70' lang='grc' dir='ltr'><strong><em>ἐλπίδι</em></strong></span> <span class='ocrx_word' id='word_1_227' title='bbox 827 2766 1083 2855; x_wconf 84' lang='grc' dir='ltr'><strong><em>προσελήλυθας</em></strong></span> <span class='ocrx_word' id='word_1_228' title='bbox 1105 2763 1198 2854; x_wconf 82' lang='grc' dir='ltr'><strong><em>ήμῶν</em></strong></span> <span class='ocrx_word' id='word_1_229' title='bbox 1211 2762 1247 2848; x_wconf 81' lang='grc' dir='ltr'><strong><em>τῇ</em></strong></span> 
     </span>
     <span class='ocr_line' id='line_1_27' title="bbox 226 2861 1248 2961; baseline -0.004 -28"><span class='ocrx_word' id='word_1_230' title='bbox 226 2867 323 2954; x_wconf 73' lang='grc' dir='ltr'><strong><em>οἰκίᾳ,</em></strong></span> <span class='ocrx_word' id='word_1_231' title='bbox 342 2872 408 2934; x_wconf 78' lang='grc' dir='ltr'><strong><em>τῶν</em></strong></span> <span class='ocrx_word' id='word_1_232' title='bbox 427 2868 462 2933; x_wconf 73' lang='grc' dir='ltr'><strong><em>δὲ</em></strong></span> <span class='ocrx_word' id='word_1_233' title='bbox 480 2865 586 2935; x_wconf 73' lang='grc' dir='ltr'><strong><em>ἄλλων</em></strong></span> <span class='ocrx_word' id='word_1_234' title='bbox 600 2867 700 2949; x_wconf 68' lang='grc' dir='ltr'><strong><em>ἕνεκα,</em></strong></span> <span class='ocrx_word' id='word_1_235' title='bbox 719 2875 778 2961; x_wconf 88' lang='grc' dir='ltr'><strong><em>τής</em></strong></span> <span class='ocrx_word' id='word_1_236' title='bbox 792 2865 920 2947; x_wconf 83' lang='grc' dir='ltr'><strong><em>εδνοίας</em></strong></span> <span class='ocrx_word' id='word_1_237' title='bbox 932 2874 991 2956; x_wconf 88' lang='grc' dir='ltr'><strong><em>τής</em></strong></span> <span class='ocrx_word' id='word_1_238' title='bbox 1003 2864 1082 2955; x_wconf 74' lang='grc' dir='ltr'><strong><em>παρ’</em></strong></span> <span class='ocrx_word' id='word_1_239' title='bbox 1094 2866 1185 2957; x_wconf 77' lang='grc' dir='ltr'><strong><em>ήμῶν</em></strong></span> <span class='ocrx_word' id='word_1_240' title='bbox 1196 2861 1248 2929; x_wconf 82' lang='grc' dir='ltr'><strong><em>καί</em></strong></span> 
     </span>
     <span class='ocr_line' id='line_1_28' title="bbox 224 2961 1247 3060; baseline -0.006 -24"><span class='ocrx_word' id='word_1_241' title='bbox 224 2975 330 3056; x_wconf 89' lang='grc' dir='ltr'><strong><em>τιμής,</em></strong></span> <span class='ocrx_word' id='word_1_242' title='bbox 349 2967 388 3056; x_wconf 78' lang='grc' dir='ltr'><strong><em>ήν</em></strong></span> <span class='ocrx_word' id='word_1_243' title='bbox 405 2968 498 3057; x_wconf 84' lang='grc' dir='ltr'><strong><em>παρὰ</em></strong></span> <span class='ocrx_word' id='word_1_244' title='bbox 515 2977 619 3038; x_wconf 78' lang='grc' dir='ltr'><strong><em>πᾶσιν</em></strong></span> <span class='ocrx_word' id='word_1_245' title='bbox 638 2970 734 3051; x_wconf 70' lang='grc' dir='ltr'><strong><em>ἕξεις·</em></strong></span> <span class='ocrx_word' id='word_1_246' title='bbox 753 2966 844 3054; x_wconf 76' lang='grc' dir='ltr'><strong><em>ὅμως</em></strong></span> <span class='ocrx_word' id='word_1_247' title='bbox 862 2968 892 3037; x_wconf 77' lang='grc' dir='ltr'><strong><em>δ’</em></strong></span> <span class='ocrx_word' id='word_1_248' title='bbox 904 2961 960 3038; x_wconf 81' lang='grc' dir='ltr'><strong><em>οὖν</em></strong></span> <span class='ocrx_word' id='word_1_249' title='bbox 977 2973 1032 3037; x_wconf 82' lang='grc' dir='ltr'><strong><em>καί</em></strong></span> <span class='ocrx_word' id='word_1_250' title='bbox 1051 2967 1191 3060; x_wconf 77' lang='grc' dir='ltr'><strong><em>ὡρίσθω</em></strong></span> <span class='ocrx_word' id='word_1_251' title='bbox 1207 2989 1247 3032; x_wconf 87' lang='grc' dir='ltr'><strong><em>τι.</em></strong></span> 
     </span>
     <span class='ocr_line' id='line_1_29' title="bbox 226 3063 1246 3171; baseline -0.005 -34"><span class='ocrx_word' id='word_1_252' title='bbox 226 3069 265 3137; x_wconf 86' lang='grc' dir='ltr'><strong><em>οδ</em></strong></span> <span class='ocrx_word' id='word_1_253' title='bbox 286 3067 317 3137; x_wconf 75' lang='grc' dir='ltr'><strong><em>δ’</em></strong></span> <span class='ocrx_word' id='word_1_254' title='bbox 329 3067 428 3151; x_wconf 87' lang='grc' dir='ltr'><strong><em>αότδς</em></strong></span> <span class='ocrx_word' id='word_1_255' title='bbox 446 3066 467 3138; x_wconf 84' lang='grc' dir='ltr'><strong><em>ό</em></strong></span> <span class='ocrx_word' id='word_1_256' title='bbox 481 3098 515 3139; x_wconf 90' lang='grc' dir='ltr'><strong><em>τι</em></strong></span> <span class='ocrx_word' id='word_1_257' title='bbox 532 3074 588 3138; x_wconf 81' lang='grc' dir='ltr'><strong><em>καὶ</em></strong></span> <span class='ocrx_word' id='word_1_258' title='bbox 604 3074 718 3156; x_wconf 82' lang='grc' dir='ltr'><strong><em>βούλει</em></strong></span> <span class='ocrx_word' id='word_1_259' title='bbox 735 3074 807 3159; x_wconf 92' lang='grc' dir='ltr'><strong><em>λέγε</em></strong></span> <span class='ocrx_word' id='word_1_260' title='bbox 823 3070 1037 3171; x_wconf 49' lang='grc' dir='ltr'><strong><em>μεμνημένοςῤ</em></strong></span> <span class='ocrx_word' id='word_1_261' title='bbox 1058 3063 1086 3139; x_wconf 83' lang='grc' dir='ltr'><strong><em>ιδ</em></strong></span> <span class='ocrx_word' id='word_1_262' title='bbox 1105 3072 1246 3161; x_wconf 81' lang='grc' dir='ltr'><strong><em>φίλτατε,</em></strong></span> 
     </span>
     <span class='ocr_line' id='line_1_30' title="bbox 224 3169 1248 3264; baseline -0.003 -25"><span class='ocrx_word' id='word_1_263' title='bbox 224 3169 388 3260; x_wconf 78' lang='grc' dir='ltr'><strong><em>κάκείνων,</em></strong></span> <span class='ocrx_word' id='word_1_264' title='bbox 409 3169 495 3264; x_wconf 77' lang='grc' dir='ltr'><strong><em>ἅπερ</em></strong></span> <span class='ocrx_word' id='word_1_265' title='bbox 508 3173 542 3241; x_wconf 87' lang='grc' dir='ltr'><strong><em>έν</em></strong></span> <span class='ocrx_word' id='word_1_266' title='bbox 556 3172 685 3263; x_wconf 80' lang='grc' dir='ltr'><strong><em>ἑορταῖς</em></strong></span> <span class='ocrx_word' id='word_1_267' title='bbox 700 3175 877 3263; x_wconf 87' lang='grc' dir='ltr'><strong><em>διετησίοις</em></strong></span> <span class='ocrx_word' id='word_1_268' title='bbox 886 3173 971 3255; x_wconf 81' lang='grc' dir='ltr'><strong><em>είκδς</em></strong></span> <span class='ocrx_word' id='word_1_269' title='bbox 983 3173 1072 3263; x_wconf 79' lang='grc' dir='ltr'><strong><em>ἡμᾶς</em></strong></span> <span class='ocrx_word' id='word_1_270' title='bbox 1085 3172 1248 3260; x_wconf 86' lang='grc' dir='ltr'><strong><em>παρέξειν·</em></strong></span> 
     </span>
     <span class='ocr_line' id='line_1_31' title="bbox 226 3270 1248 3364; baseline -0.003 -22"><span class='ocrx_word' id='word_1_271' title='bbox 226 3270 265 3343; x_wconf 82' lang='grc' dir='ltr'><strong><em>οὗ</em></strong></span> <span class='ocrx_word' id='word_1_272' title='bbox 288 3273 350 3364; x_wconf 79' lang='grc' dir='ltr'><strong><em>γὰρ</em></strong></span> <span class='ocrx_word' id='word_1_273' title='bbox 373 3272 578 3364; x_wconf 77' lang='grc' dir='ltr'><strong><em>ἀμελήσομεν</em></strong></span> <span class='ocrx_word' id='word_1_274' title='bbox 603 3273 680 3346; x_wconf 76' lang='grc' dir='ltr'><strong><em>υδδέ</em></strong></span> <span class='ocrx_word' id='word_1_275' title='bbox 705 3283 772 3346; x_wconf 78' lang='grc' dir='ltr'><strong><em>τῶν</em></strong></span> <span class='ocrx_word' id='word_1_276' title='bbox 797 3277 971 3359; x_wconf 81' lang='grc' dir='ltr'><strong><em>τοιούτων,</em></strong></span> <span class='ocrx_word' id='word_1_277' title='bbox 1000 3277 1030 3344; x_wconf 90' lang='grc' dir='ltr'><strong><em>εί</em></strong></span> <span class='ocrx_word' id='word_1_278' title='bbox 1055 3273 1177 3362; x_wconf 80' lang='grc' dir='ltr'><strong><em>καὶμὴ</em></strong></span> <span class='ocrx_word' id='word_1_279' title='bbox 1198 3275 1248 3339; x_wconf 81' lang='grc' dir='ltr'><strong><em>νῦν</em></strong></span> 
     </span>
     <span class='ocr_line' id='line_1_32' title="bbox 227 3373 1249 3464; baseline -0.005 -19"><span class='ocrx_word' id='word_1_280' title='bbox 227 3373 312 3445; x_wconf 73' lang='grc' dir='ltr'><strong><em>αὐτὰ</em></strong></span> <span class='ocrx_word' id='word_1_281' title='bbox 330 3384 573 3464; x_wconf 85' lang='grc' dir='ltr'><strong><em>συντιθέμεθα·</em></strong></span> <span class='ocrx_word' id='word_1_282' title='bbox 595 3383 717 3449; x_wconf 82' lang='grc' dir='ltr'><strong><em>πολλαὶ</em></strong></span> <span class='ocrx_word' id='word_1_283' title='bbox 735 3378 784 3461; x_wconf 74' lang='grc' dir='ltr'><strong><em>δέ,</em></strong></span> <span class='ocrx_word' id='word_1_284' title='bbox 806 3377 923 3460; x_wconf 76' lang='grc' dir='ltr'><strong><em>οἶσθα,</em></strong></span> <span class='ocrx_word' id='word_1_285' title='bbox 943 3385 1001 3446; x_wconf 78' lang='grc' dir='ltr'><strong><em>τοῦ</em></strong></span> <span class='ocrx_word' id='word_1_286' title='bbox 1020 3378 1113 3461; x_wconf 69' lang='grc' dir='ltr'><strong><em>διευς</em></strong></span> <span class='ocrx_word' id='word_1_287' title='bbox 1132 3377 1168 3445; x_wconf 79' lang='grc' dir='ltr'><strong><em>αἱ</em></strong></span> <span class='ocrx_word' id='word_1_288' title='bbox 1184 3397 1249 3442; x_wconf 87' lang='grc' dir='ltr'><strong><em>τοι·</em></strong></span> 
     </span>
     <span class='ocr_line' id='line_1_33' title="bbox 228 3477 1249 3572; baseline -0.006 -24"><span class='ocrx_word' id='word_1_289' title='bbox 228 3486 326 3549; x_wconf 79' lang='grc' dir='ltr'><strong><em>αὗται</em></strong></span> <span class='ocrx_word' id='word_1_290' title='bbox 344 3477 504 3571; x_wconf 79' lang='grc' dir='ltr'><strong><em>ἀφορμαί.</em></strong></span> <span class='ocrx_word' id='word_1_291' title='bbox 540 3484 597 3549; x_wconf 81' lang='grc' dir='ltr'><strong><em>καὶ</em></strong></span> <span class='ocrx_word' id='word_1_292' title='bbox 611 3481 704 3572; x_wconf 74' lang='grc' dir='ltr'><strong><em>πρὸς,</em></strong></span> <span class='ocrx_word' id='word_1_293' title='bbox 715 3481 826 3550; x_wconf 78' lang='grc' dir='ltr'><strong><em>έκεῖνα</em></strong></span> <span class='ocrx_word' id='word_1_294' title='bbox 847 3488 955 3551; x_wconf 84' lang='grc' dir='ltr'><strong><em>τοίνυν</em></strong></span> <span class='ocrx_word' id='word_1_295' title='bbox 978 3478 1179 3567; x_wconf 77' lang='grc' dir='ltr'><strong><em>ἀποβλέπων</em></strong></span> <span class='ocrx_word' id='word_1_296' title='bbox 1195 3499 1249 3562; x_wconf 88' lang='grc' dir='ltr'><strong><em>με·</em></strong></span> 
     </span>
     <span class='ocr_line' id='line_1_34' title="bbox 225 3578 1249 3674; baseline 0.004 -23"><span class='ocrx_word' id='word_1_297' title='bbox 225 3583 402 3674; x_wconf 77' lang='grc' dir='ltr'><strong><em>πρωίτερον</em></strong></span> <span class='ocrx_word' id='word_1_298' title='bbox 421 3585 517 3674; x_wconf 81' lang='grc' dir='ltr'><strong><em>δῆλον</em></strong></span> <span class='ocrx_word' id='word_1_299' title='bbox 539 3579 592 3652; x_wconf 81' lang='grc' dir='ltr'><strong><em>ότι</em></strong></span> <span class='ocrx_word' id='word_1_300' title='bbox 610 3583 779 3671; x_wconf 80' lang='grc' dir='ltr'><strong><em>έπιβαλοίς</em></strong></span> <span class='ocrx_word' id='word_1_301' title='bbox 800 3581 877 3673; x_wconf 76' lang='grc' dir='ltr'><strong><em>ἡμῖν</em></strong></span> <span class='ocrx_word' id='word_1_302' title='bbox 898 3582 956 3652; x_wconf 86' lang='grc' dir='ltr'><strong><em>τὸν</em></strong></span> <span class='ocrx_word' id='word_1_303' title='bbox 977 3583 1119 3669; x_wconf 88' lang='grc' dir='ltr'><strong><em>μισθόν·</em></strong></span> <span class='ocrx_word' id='word_1_304' title='bbox 1147 3578 1249 3655; x_wconf 71' lang='grc' dir='ltr'><strong><em>ἄλλως</em></strong></span> 
     </span>
    </p>

    <p class='ocr_par' dir='ltr' id='par_1_4' title="bbox 43 3678 1287 3781">
     <span class='ocr_line' id='line_1_35' title="bbox 43 3678 1287 3781; baseline -0.001 -28"><span class='ocrx_word' id='word_1_305' title='bbox 43 3774 46 3781; x_wconf 69' lang='lat'><em>,</em></span> <span class='ocrx_word' id='word_1_306' title='bbox 226 3711 263 3753; x_wconf 89' lang='grc' dir='ltr'><strong><em>τε</em></strong></span> <span class='ocrx_word' id='word_1_307' title='bbox 283 3690 342 3755; x_wconf 85' lang='grc' dir='ltr'><strong><em>καί</em></strong></span> <span class='ocrx_word' id='word_1_308' title='bbox 361 3691 492 3776; x_wconf 86' lang='grc' dir='ltr'><strong><em>πρέπον</em></strong></span> <span class='ocrx_word' id='word_1_309' title='bbox 513 3682 552 3755; x_wconf 78' lang='grc' dir='ltr'><strong><em>ἂν</em></strong></span> <span class='ocrx_word' id='word_1_310' title='bbox 574 3689 624 3775; x_wconf 86' lang='grc' dir='ltr'><strong><em>ε’ίη</em></strong></span> <span class='ocrx_word' id='word_1_311' title='bbox 650 3700 723 3768; x_wconf 87' lang='grc' dir='ltr'><strong><em>τοῖς</em></strong></span> <span class='ocrx_word' id='word_1_312' title='bbox 748 3682 1025 3772; x_wconf 81' lang='grc' dir='ltr'><strong><em>πεπαιδευμένοις</em></strong></span> <span class='ocrx_word' id='word_1_313' title='bbox 1050 3683 1127 3772; x_wconf 81' lang='grc' dir='ltr'><strong><em>δμίν</em></strong></span> <span class='ocrx_word' id='word_1_314' title='bbox 1148 3684 1218 3773; x_wconf 82' lang='grc' dir='ltr'><strong><em>κρεί</em></strong></span> <span class='ocrx_word' id='word_1_315' title='bbox 1233 3718 1249 3730; x_wconf 94' lang='grc'>-</span> <span class='ocrx_word' id='word_1_316' title='bbox 1284 3678 1287 3687; x_wconf 80' lang='grc'><strong>’</strong></span> 
     </span>
    </p>

    <p class='ocr_par' dir='ltr' id='par_1_5' title="bbox 33 3782 1248 4085">
     <span class='ocr_line' id='line_1_36' title="bbox 33 3782 1248 3878; baseline -0.009 -19"><span class='ocrx_word' id='word_1_317' title='bbox 33 3782 47 3871; x_wconf 55' lang='grc' dir='ltr'><strong><em>δ,</em></strong></span> <span class='ocrx_word' id='word_1_318' title='bbox 176 3808 211 3859; x_wconf 78' lang='lat'><strong><em>20</em></strong></span> <span class='ocrx_word' id='word_1_319' title='bbox 227 3813 321 3857; x_wconf 88' lang='grc' dir='ltr'><strong><em>τοσιν</em></strong></span> <span class='ocrx_word' id='word_1_320' title='bbox 342 3786 427 3858; x_wconf 78' lang='grc' dir='ltr'><strong><em>εἶναι</em></strong></span> <span class='ocrx_word' id='word_1_321' title='bbox 445 3789 630 3878; x_wconf 81' lang='grc' dir='ltr'><strong><em>χρημάτων.</em></strong></span> <span class='ocrx_word' id='word_1_322' title='bbox 667 3787 685 3858; x_wconf 87' lang='grc' dir='ltr'><strong><em>δ</em></strong></span> <span class='ocrx_word' id='word_1_323' title='bbox 707 3791 768 3875; x_wconf 82' lang='grc' dir='ltr'><strong><em>μέν</em></strong></span> <span class='ocrx_word' id='word_1_324' title='bbox 785 3796 892 3859; x_wconf 80' lang='grc' dir='ltr'><strong><em>ταῦτα</em></strong></span> <span class='ocrx_word' id='word_1_325' title='bbox 915 3787 1019 3857; x_wconf 84' lang='grc' dir='ltr'><strong><em>είπών</em></strong></span> <span class='ocrx_word' id='word_1_326' title='bbox 1039 3792 1095 3856; x_wconf 85' lang='grc' dir='ltr'><strong><em>καί</em></strong></span> <span class='ocrx_word' id='word_1_327' title='bbox 1116 3782 1193 3855; x_wconf 80' lang='grc' dir='ltr'><strong><em>ὅλον</em></strong></span> <span class='ocrx_word' id='word_1_328' title='bbox 1214 3803 1248 3850; x_wconf 90' lang='grc' dir='ltr'><strong><em>σε</em></strong></span> 
     </span>
     <span class='ocr_line' id='line_1_37' title="bbox 33 3881 1248 3982; baseline -0.01 -22"><span class='ocrx_word' id='word_1_329' title='bbox 33 3912 35 3919; x_wconf 61' lang='lat'>‘</span> <span class='ocrx_word' id='word_1_330' title='bbox 229 3891 400 3973; x_wconf 89' lang='grc' dir='ltr'><strong><em>διασείσας</em></strong></span> <span class='ocrx_word' id='word_1_331' title='bbox 418 3905 494 3972; x_wconf 84' lang='grc' dir='ltr'><strong><em>ταῖς</em></strong></span> <span class='ocrx_word' id='word_1_332' title='bbox 516 3890 629 3962; x_wconf 78' lang='grc' dir='ltr'><strong><em>έλπίσι</em></strong></span> <span class='ocrx_word' id='word_1_333' title='bbox 649 3892 794 3962; x_wconf 86' lang='grc' dir='ltr'><strong><em>τιθασὸν</em></strong></span> <span class='ocrx_word' id='word_1_334' title='bbox 816 3891 923 3982; x_wconf 76' lang='grc' dir='ltr'><strong><em>ἑαυτῷ</em></strong></span> <span class='ocrx_word' id='word_1_335' title='bbox 945 3897 1121 3980; x_wconf 84' lang='grc' dir='ltr'><strong><em>πεποίηκε,</em></strong></span> <span class='ocrx_word' id='word_1_336' title='bbox 1150 3885 1188 3956; x_wconf 81' lang='grc' dir='ltr'><strong><em>σὺ</em></strong></span> <span class='ocrx_word' id='word_1_337' title='bbox 1214 3881 1248 3950; x_wconf 79' lang='grc' dir='ltr'><strong><em>δέ</em></strong></span> 
     </span>
     <span class='ocr_line' id='line_1_38' title="bbox 226 3983 1247 4085; baseline 0.003 -25"><span class='ocrx_word' id='word_1_338' title='bbox 226 3995 336 4063; x_wconf 81' lang='grc' dir='ltr'><strong><em>πόλει</em></strong></span> <span class='ocrx_word' id='word_1_339' title='bbox 351 3997 497 4066; x_wconf 86' lang='grc' dir='ltr'><strong><em>τάλαντα</em></strong></span> <span class='ocrx_word' id='word_1_340' title='bbox 513 3999 570 4065; x_wconf 82' lang='grc' dir='ltr'><strong><em>καὶ</em></strong></span> <span class='ocrx_word' id='word_1_341' title='bbox 590 3997 754 4084; x_wconf 80' lang='grc' dir='ltr'><strong><em>μυριάδας</em></strong></span> <span class='ocrx_word' id='word_1_342' title='bbox 777 3994 1035 4085; x_wconf 83' lang='grc' dir='ltr'><strong><em>ὀνειροπολήσας</em></strong></span> <span class='ocrx_word' id='word_1_343' title='bbox 1055 3996 1111 4062; x_wconf 85' lang='grc' dir='ltr'><strong><em>καὶ</em></strong></span> <span class='ocrx_word' id='word_1_344' title='bbox 1133 3983 1247 4080; x_wconf 72' lang='grc' dir='ltr'><strong><em>ἀγροὺς</em></strong></span> 
     </span>
    </p>
   </div>
   <div class='ocr_carea' id='block_1_2' title="bbox 0 0 1385 4648">
    <p class='ocr_par' dir='ltr' id='par_1_6' title="bbox 0 0 1385 4648">
     <span class='ocr_line' id='line_1_39' title="bbox 0 0 1385 4648; baseline 0 0"><span class='ocrx_word' id='word_1_345' title='bbox 0 0 1385 4648; x_wconf 95' lang='lat' dir='ltr'><strong><em> </em></strong></span> 
     </span>
    </p>
   </div>
  </div>
 </body>
</html>
