2740 4648
226 234 295 300 306
611 243 804 300 ΔΟΥΚΙΑΝ
809 243 866 299 ΟΥ

277 366 361 423 ΛΥΚ.
402 350 534 437 θάρρει,
556 339 584 415 ὦ
602 348 726 440 ἑταῖρε·
750 350 836 416 δοκῶ
852 347 916 439 γάρ
933 369 993 434 μοι
1010 345 1182 438 ηὖρηκεναι
1201 340 1259 420 οδ-
1289 380 1291 385 ⁴

224 472 315 534 τινος
333 453 484 539 ἐχόμεναι
498 451 690 538 ἐξέλθοιμεν
707 447 782 521 ziz,

278 572 364 629 EPM.
402 563 441 624 Τί
458 546 514 624 σάν
531 556 630 624 τοῦτό
649 553 755 638 ἐστιν,·

278 674 361 730 ΛΥΚ.
403 656 466 727 Οὔκ
478 656 555 743 ἐμὸν
569 657 642 746 ἐρῶ,
663 654 747 724 άλλά
761 683 852 738 τινος
862 663 928 726 τῶν
938 664 1062 748 συφεόν,
1082 654 1131 740 τδ,
1147 653 1260 748 “νο”ιφε

227 765 283 830 λαὶ
308 756 444 845 μέμναό
459 757 650 829 άπιστεῖν·”
678 757 717 849 ἢν
742 758 803 848 γάρ
829 759 874 849 μὴ
901 761 1025 850 ῥᾳδίως
1050 761 1260 847 πιστεύωμεν

230 861 415 944 δκοόοντες,
444 860 528 930 ἀλλὰ
546 863 741 942 δικαστικῶς
759 860 839 931 αδτδ
861 869 1011 948 ποιῶμεν
1033 859 1259 946 ἀπολιπόντες

227 970 282 1035 καὶ
300 978 372 1047 τοῖς
390 966 463 1055 ἑξῆς
480 965 586 1053 λόγον,
609 965 692 1046 ίσως
710 962 859 1055 εὐμαρῶς
883 961 922 1035 δν
939 964 1019 1047 τοὺς
1035 968 1259 1053 λαβυρίνθους

230 1068 434 1160 ἐκφύγοιμεν.

279 1186 366 1244 Em
400 1163 450 1239 Εὖ
469 1174 585 1259 λέγεις,
603 1172 775 1239 καὶτοῦτο
792 1177 951 1257 ποιῶμεν.

177 1294 212 1344 48
279 1290 364 1345 ΛΥΚ.
402 1271 449 1342 El
482 1326 490 1341 .
527 1271 585 1341 ἐπὶ
601 1278 674 1341 τίνα
692 1273 730 1362 δῆ
750 1264 856 1341 αὐτῶν
873 1280 1007 1361 πρῶτον
1025 1273 1182 1358 ἐλθοιμεν
1202 1270 1261 1357 άν,·

97 1438 104 1453 ,
229 1374 251 1464 ῆ
268 1383 366 1444 τοῦτο
379 1377 439 1461 μὲν
454 1372 547 1443 οόδὲν
560 1376 689 1458 διοίσει,
710 1373 886 1465 ἀρξάμενοι
900 1377 935 1445 δέ
950 1374 1006 1466 ἀφ’
1019 1373 1165 1457 ὁτουοῦν,
1188 1375 1260 1444 οἷον

231 1475 299 1547 άπὸ
318 1479 528 1565 Πυθαγόρου,
547 1474 585 1565 ῆν
604 1473 690 1545 οὕτω
708 1479 796 1568 τύχῃ,
816 1480 913 1567 πόσῳ
928 1475 969 1547 δν
978 1480 1085 1566 χρόνῳ
1103 1478 1261 1563 οἰώμεθα

231 1581 389 1665 ἐκμαθεῖν
406 1578 449 1647 τὰ
466 1579 669 1667 Πυθαγόρου
688 1576 836 1664 ἅπαντας
854 1583 909 1665 καλ
926 1581 970 1670 μῆ
989 1604 1048 1664 μοι
1067 1580 1190 1668 ἐξαίρει
1203 1584 1260 1649 καλ

229 1681 272 1749 τὰ
289 1687 386 1750 πέντε
404 1680 458 1770 ἐτη
478 1680 583 1750 ἐκεῖνα
593 1681 641 1777 ιτδι
653 1690 711 1771 τῆς
724 1688 868 1772 σιωπῆς·
887 1681 944 1751 σὺν
964 1682 994 1771 δῖ
1007 1674 1148 1762 οὖντοῖς
1161 1689 1262 1751 πέντε

232 1783 325 1852 λκανδι
345 1784 532 1872 τριάκοντα,
560 1781 667 1872 οἶμαι,
696 1786 727 1854 εί
749 1786 785 1854 δέ
805 1784 864 1875 μῆ,
893 1781 977 1854 άλλδι
998 1787 1131 1865 πάντως
1152 1808 1190 1873 γε
1213 1787 1261 1855 εί-

231 1911 316 1956 κοσι.

283 2006 369 2064 ΕΡΜ.
406 1998 518 2077 θῶμεν
537 1988 650 2072 οὕτως.

283 2110 367 2165 ΛΥΚ.
406 2091 491 2162 Εἶτα
509 2094 582 2183 ἑξῆς
597 2101 645 2183 τῷ
662 2094 814 2163 Πλάτωνι
831 2100 949 2162 θετέον
972 2091 1094 2183 δηλαδῆ
1113 2101 1263 2162 τοσαῦτα
1351 2116 1352 2135 ¹

146 2260 151 2265 .
233 2196 339 2287 ἑτερο,
360 2195 409 2269 ἐτι
424 2196 487 2286 μὴν
504 2199 559 2264 καί
573 2194 786 2286 Ἀριστοτέλει
803 2193 861 2264 οόκ
879 2195 1013 2266 ἐλάττω.
1133 2188 1137 2191 ’

282 2314 368 2370 nm
405 2295 447 2366 οὐ
465 2300 537 2388 γάρ.

283 2414 366 2472 ΛΥΚ
405 2407 594 2489 Χρυσίππῳ
614 2402 650 2469 δέ
662 2426 698 2490 γε
712 2398 818 2469 οόκέτι
834 2400 994 2491 ἰρῆσομαί
1006 2427 1043 2470 σε
1056 2402 1165 2470 πόσα·
1185 2399 1262 2470 οἶδα

232 2501 294 2593 γάρ
312 2502 405 2593 παρὰ
424 2510 485 2571 σοῦ
503 2501 646 2585 άκοάσας
664 2501 716 2572 δτι
733 2504 970 2594 τετταράκοντα
986 2505 1083 2592 μόγις
1102 2506 1207 2572 ἱκανά.

283 2622 370 2683 εεΜ.
407 2602 527 2687 οὕτως.

283 2724 368 2779 ΛΥΚ
405 2706 491 2777 Είτα
508 2708 581 2797 ἑξῆς
594 2706 775 2799 Ἐπικούρῳ
792 2710 936 2788 καὶτοῖς
953 2707 1073 2788 άλλοις.
1109 2705 1156 2787 ὥς
1171 2710 1207 2776 δὲ
1223 2705 1263 2777 οὗ

179 2856 183 2875 2
233 2810 342 2880 πολλά
354 2817 458 2878 ταῦτα
470 2817 598 2899 τίθῆμι,
620 2809 746 2880 ἐκεῖθεν
759 2813 887 2898 μάθοις
901 2806 949 2893 δν,
969 2809 1007 2899 ῆν
1022 2810 1174 2900 ἕννυῆσῃς
1184 2807 1264 2878 όσυι

235 2911 518 3000 ὀγδοηκοντούτεις
532 2914 597 2981 εἷσλ
609 2917 751 2982 Στωϊκοὶ
764 2912 1008 3003 ῆἜπικοόρειοι
1020 2909 1041 3001 ῆ
1055 2912 1265 2982 Πλατωνικοὶ

235 3012 468 3102 ὁμολογοῦντες
484 3014 530 3103 μῆ
548 3015 658 3083 πάντα
681 3016 802 3085 εἰδέναι
822 3015 865 3084 τὰ
886 3023 944 3105 τῆς
966 3014 1083 3083 ἑαυτοῦ
1103 3015 1267 3104 αἱρέσεως

235 3117 383 3196 ἕκαστος,
408 3113 453 3195 ὥς
469 3118 569 3204 μηδὲν
587 3116 689 3186 ἐνδεῖν
707 3125 821 3209 σφίσιν
840 3117 872 3198 ἐς
889 3117 931 3185 τά
952 3118 1152 3206 μαθῆματα·
1177 3118 1208 3185 εἰ
1227 3118 1265 3185 δέ

233 3217 289 3309 μῆ,
318 3216 401 3287 ἀλλὰ
426 3220 627 3311 Χρύσιππός
652 3247 688 3310 γε
713 3223 770 3288 καὶ
791 3217 1014 3310 Ἀριστοτέλης
1039 3222 1094 3288 καὶ
1120 3221 1267 3288 Πλάτων

236 3334 334 3410 φαῖεν
352 3318 401 3404 δν,
421 3324 476 3390 καλ
493 3320 560 3412 πρδ
578 3323 704 3392 τούτων
723 3320 740 3391 δ
755 3323 930 3414 Σωκράτης
949 3321 1042 3392 οὐδὲν
1056 3324 1268 3414 φαυλότερος

236 3420 351 3505 αδττῖιν,
371 3423 409 3503 ὃς
422 3423 586 3512 ἐκεκράγει
598 3424 683 3514 πρὸς
697 3421 846 3507 ἅπαντας
860 3425 917 3511 οὐχ
931 3422 1024 3506 ὅπως
1036 3427 1156 3510 πάντα,
1178 3423 1267 3494 άλλὰ

233 3523 312 3614 μηδ’
324 3523 410 3607 ὅλως
427 3527 548 3595 εἰδέναι
569 3554 603 3597 τι
619 3525 642 3617 ῆ
658 3536 756 3596 τοῦτο
773 3530 874 3615 μόνον
896 3524 950 3598 ότι
972 3528 1031 3623 οὐκ
1054 3526 1135 3598 οἶδε.
1172 3532 1268 3617 λογι-

236 3630 379 3716 σώμεθα
397 3620 454 3697 οὖν
471 3627 508 3712 ἐξ
519 3626 634 3718 ἀρχῆς·
652 3631 757 3700 ε’ίκυσι
768 3638 816 3721 τῷ
829 3633 1014 3722 Πυθαγόρᾳ
1028 3632 1081 3721 ’ἐτη
1097 3631 1267 3717 ἐτίθεμεν,

236 3729 308 3800 εἶτα
321 3731 474 3800 Πλάτωνι
490 3728 630 3799 τοσαῦθ’
642 3731 744 3823 ἑτερα,
764 3730 835 3801 είτα
849 3734 922 3825 ἑξῆς
933 3749 1004 3816 τοῖς
1018 3732 1140 3815 ἄλλοις.
1168 3735 1271 3804 πόσα
1346 3774 1347 3827 ρ

237 3832 276 3921 δῆ
295 3825 351 3902 οὖν
367 3839 473 3902 ταῦτα
490 3840 688 3903 συντεθέντα
705 3835 738 3904 ἐν
754 3840 922 3926 κεφαλαίῳ
940 3835 1054 3925 γένοιτ’
1066 3835 1115 3921 δν,
1135 3837 1167 3905 ελ
1185 3839 1272 3906 δέκα

235 3937 339 4020 μόνας
355 3942 473 4021 θεῖμεν
489 3934 549 4017 τδις
567 3937 708 4027 αἱρέσεις
726 3936 759 4006 ἐν
776 3942 977 4030 φιλοσοφιφ,·

289 4052 374 4108 ΕΡΜ.
405 4034 498 4129 Ὑπὲρ
517 4039 683 4125 διακόσια,
703 4032 731 4109 ὦ
748 4052 877 4111 Λυκῖνε.
