2752 4632
448 266 512 322 xv.
539 267 697 323 ΑΔΙΕΥΣ
717 267 837 325 ιε-ιι.
1088 260 1153 328 227

177 383 280 438 ΠΑΡΡ.
326 368 457 456 θάρρει,
490 360 518 436 ὦ
548 371 718 459 Διόγενες·
752 378 875 462 κοῦφοί
902 374 970 445 εέσι
998 379 1054 445 καὶ
1087 386 1154 447 τών

126 467 243 561 ἀφύων
261 467 489 558 ἐλαφρότεροι.

83 590 92 605 ‘
176 586 274 642 ΔΙΟΓ.
309 569 361 659 Νή
378 570 446 655 Δί’,
470 569 675 662 ἀφυέστατοί
689 594 740 662 γε·
762 573 898 643 ἀνάσπα
916 577 953 644 δέ
970 574 1069 662 ὅμως.

176 690 280 746 ΠΑΡΡ.
311 669 410 741 Ἰδού·
435 678 488 755 τίς
505 671 603 756 ἀλλος
621 667 716 755 οὗτος
734 673 753 743 ό
770 678 913 762 πλατύς,·
939 675 1054 770 ώσπερ
1075 677 1152 768 ήμίο
1169 702 1203 753 49

124 801 227 862 τομος
245 772 344 860 ἰχθύς
359 781 590 865 προσέρχεται,
613 779 727 866 ψῆττά
742 805 809 861 τις,
830 778 970 869 κεχηνώς
987 780 1020 861 ἐς
1037 779 1075 849 τὸ
1085 781 1152 871 ἀγ-

124 897 270 968 κιστρσν·
291 881 458 960 κατέπιεν,
478 878 600 962 ἔχεται,
619 877 836 949 ἀνεσπάσθω.

175 995 272 1051 Mor.
311 984 367 1060 Τίς
384 976 488 1058 ἐστινς

108 1166 112 1171 ,
174 1096 280 1153 mr.
311 1078 567 1164 ὉΠλατωνικὸς
584 1080 667 1151 εἶναι
684 1086 796 1172 λόγων.

175 1198 285 1254 ΠΛΑΤ.
319 1186 386 1251 Καὶ
403 1183 457 1267 σύ,
478 1176 506 1252 ὦ
523 1185 699 1272 κατάρατε,
718 1181 808 1275 ήκεις
825 1184 882 1255 ἐπὶ
898 1184 937 1254 τὸ
953 1193 1104 1272 χρυσίον,·

174 1302 280 1357 ΠΑΡΡ.
318 1291 358 1353 Τί
373 1285 451 1376 φῂς,
472 1278 501 1354 ώ
522 1290 677 1366 Πλάτων,·
697 1293 732 1355 τί
747 1294 897 1374 ποιεῦμεν
914 1287 1032 1373 αάτόν;
1051 1278 1067 1299 ⁸

174 1404 284 1459 ΠΛΑΤ.
317 1387 413 1456 Κατὰ
428 1394 487 1475 τῆς
504 1385 604 1477 αύτής
620 1395 744 1479 πέτρας
761 1394 816 1458 καὶ
834 1381 940 1471 οὗτος.

175 1506 273 1561 ΔΙΟΓ.
305 1486 375 1559 Ἐπ’
391 1486 489 1557 ἀλλον
506 1497 694 1559 καθείσθω.

172 1608 276 1662 ΠΑΡΡ.
311 1594 377 1659 Καὶ
393 1589 456 1679 μήν
475 1589 542 1680 ὁρῶ
559 1617 633 1659 τινα
648 1595 816 1681 πάγκαλον
832 1594 1028 1683 προσιόντα,
1048 1590 1094 1675 ὥς
1111 1591 1151 1662 ἀν

111 1692 158 1763 ἐν
173 1699 273 1782 βυθῷ
291 1694 427 1775 δόξειεν,
455 1697 606 1761 ποικίλον
621 1693 679 1783 τήν
693 1696 808 1784 χρόαν,
835 1701 964 1777 ταινίας
985 1695 1076 1776 τινὰς
1093 1696 1152 1765 ἐπὶ

121 1802 183 1865 ταῦ
205 1795 310 1864 νώτου
333 1795 529 1882 ἐπιχρύσους
550 1796 673 1879 ἐχοντα.
711 1794 803 1886 ὁρᾷς,
836 1789 1022 1884 ιάἘλεγχες
1054 1795 1151 1866 ὃτὸν

120 1895 343 1989 Ἀριστοτέλην
364 1899 653 1988 προσποιούμενος
674 1890 770 1980 ούτός
792 1899 891 1969 ἐστιν.
934 1891 1049 1987 ἦλθεν,
1079 1896 1153 1966 εἶτα

122 2000 225 2070 πόλιν
234 1996 429 2089 ἀπενήξατο.
455 2015 655 2090 περισκοπεῖ
665 1999 823 2090 ἀκριβῶς,
839 1992 940 2080 αύθις
953 1998 1148 2087 ἐπανῆλθεν,

123 2101 246 2187 ἔχανεν,
265 2103 433 2191 εἴληπται,
453 2099 640 2192 ἀνιμήσθω.

175 2221 293 2276 ΑΡΙΣΤ.
327 2204 381 2293 Μὴ
396 2203 451 2295 ἔρῃ
465 2230 520 2291 με,
536 2197 802 2296 ώΠαρρησιάδη,
817 2208 896 2297 περὶ
909 2202 1024 2274 αύτού·
1042 2201 1151 2291 ἀγνοῶ

122 2305 185 2395 γὰρ
204 2304 296 2387 ὅστις
314 2307 410 2375 ἐστί.
1129 2330 1131 2335 ·

173 2424 278 2479 ΠΑΡΡ.
315 2407 434 2478 Θύκούν
459 2411 515 2476 καλ
537 2399 645 2491 οὗτος,
673 2401 949 2499 ὦίτριστότελες,
980 2406 1065 2476 κατὰ
1085 2414 1152 2477 τῶν

122 2517 262 2599 πετρῶν.
296 2507 364 2578 ἀλλ’
374 2507 414 2600 ήν
432 2509 518 2592 ἰδού,
537 2511 682 2589 πολλούς
699 2536 766 2578 που
779 2509 857 2591 τοὺς
871 2511 969 2593 ἰχθύς
982 2507 1050 2599 όριῦ
1066 2508 1150 2577 κατὰ
1168 2532 1200 2581 51

122 2610 241 2680 ταάτὸν
264 2609 442 2701 ὁμόχροας,
468 2609 674 2691 ἀκανθώδεις
694 2614 751 2678 καὶ
770 2610 830 2701 τὴν
846 2610 1042 2699 ἐπιφάνειαν
1064 2610 1152 2678 ἐκτε-

121 2720 377 2801 τραχυμμίναυς,
405 2712 516 2796 ἐχίνων
542 2716 832 2800 δυσληπτοτέρους.
868 2705 889 2801 ή
914 2737 983 2781 που
1010 2713 1150 2807 σαγήνης

122 2813 175 2884 ἐπ’
191 2812 310 2895 αύτούς
333 2815 458 2905 δεήσεις
485 2812 552 2882 ἀλλ’
573 2812 611 2882 ού
633 2816 802 2904 πάρεστιν.
840 2813 948 2882 ἱκανὸν
965 2816 996 2883 εί
1016 2812 1076 2883 κάν
1094 2815 1149 2884 ἕνα

120 2915 196 2986 τινὰ
215 2916 249 2985 ἐκ
265 2926 323 3006 τής
341 2914 457 3006 ἀγέλης
479 2914 739 3001 ἀνασπάσαιμεν.
775 2912 847 3007 ήξει
868 2917 905 2984 δέ
927 2915 984 2985 ἐπὶ
999 2916 1038 2986 τὸ
1058 2913 1150 3005 ἀγκι-

123 3043 220 3108 στρον
238 3018 360 3108 όηλαόή
380 3019 417 3099 ὃς
435 3015 474 3086 ἀν
492 3017 600 3087 αὐτῶν
617 3019 830 3109 θρασύτατος
846 3009 878 3108 ή.
1026 3098 1036 3111 ‚

173 3134 277 3192 ΕΛΕΓ.
311 3123 439 3200 Κάθες,
467 3121 498 3187 ελ
515 3122 618 3203 δοκεῖ,
647 3121 834 3210 σιδηρώσας
854 3144 891 3207 γε
912 3122 1074 3211 πρότερον
1091 3119 1149 3188 ἐπὶ

122 3220 209 3292 πολὺ
226 3230 284 3312 τῆς
301 3220 433 3312 ὁρμιᾶς,
453 3218 499 3302 ὥς
514 3221 560 3312 μή
578 3219 750 3312 ἀποπρίσῃ
764 3235 836 3302 τοῖς
848 3219 966 3293 όάούσι
976 3220 1148 3291 καταπιών

120 3321 162 3393 τὸ
177 3329 321 3414 χρυσίον.

172 3442 277 3498 nm.
310 3431 462 3515 Καθῆκα.
497 3424 539 3493 σὺ
558 3426 607 3508 δέ,
627 3415 655 3491 ώ
664 3424 838 3503 Πόσειδον,
856 3436 988 3507 ταχεῖαν
1006 3421 1151 3491 ἐπιτέλει

9 3564 10 3575 ¹
120 3525 300 3617 σήνάγραν.
326 3529 442 3614 βαβαὶ,
452 3527 941 3614 μόχονταιπερλτούύελίατος,
954 3523 1150 3609 καλαανύμα

121 3633 243 3699 πολλοὶ
260 3630 503 3720 περιτρώγουσι
518 3629 575 3718 τήν
593 3628 725 3713 ἰσχάόα,
745 3627 780 3696 οἱ
791 3629 828 3696 δέ
840 3624 1048 3717 προσφύντες
1061 3625 1151 3709 ἕχον·

120 3757 180 3800 ται
196 3739 257 3802 τοῦ
270 3738 418 3823 χρυσίου.
455 3723 492 3800 εύ
508 3731 589 3814 ἔχει·
606 3731 792 3820 περιεπάρη
807 3755 861 3810 τις
876 3730 966 3816 μάλα
982 3728 1147 3819 καρτερός.
1220 3818 1224 3827 ⁸

120 3833 195 3924 φέρ’
214 3836 291 3917 ἰἰλω,
318 3841 407 3915 τίνος
429 3834 601 3919 ἐπώνυμον
622 3831 761 3903 σεαυτὸν
780 3830 867 3900 εἶναι
887 3835 1008 3920 λέγειςς
1040 3837 1151 3899 καίτοι

119 3938 253 4024 γελοῖός
270 3942 308 4026 γε
329 3938 398 4022 εἰμι
420 3934 606 4024 ἀναγκάζων
633 3933 730 4019 ἰχθύν
756 3937 876 4003 λαλεῖν.
913 3931 1060 4022 [ἀφωνοι
1087 3929 1150 4020 γὰρ

121 4039 244 4121 αὐτοί]
269 4037 355 4108 ἀλλά
372 4038 426 4122 σύ,
445 4030 625 4128 ώἘλεγχε,
644 4039 718 4107 εἰπὲ
736 4034 845 4107 ὅντινα
863 4035 1148 4192 ἐχεηήρὸἀσκαλον.
