2740 4648
129 254 225 313 xvn.
239 255 338 310 nm
355 255 438 310 σου
454 256 527 312 Em
543 254 681 334 ΜιΣοη
698 233 930 312 §woman
944 257 1055 312 υε-εο.
1076 243 1139 311 261

108 358 151 428 τὸ
169 354 303 426 πάντων
321 358 497 442 οἴκτιστον,
521 356 581 428 ούκ
597 355 779 445 εὐδοκιμεῖν
798 359 894 440 εἰδὼς
916 358 993 428 ούόὲ
1010 384 1140 451 κεχαρι-

111 466 231 547 σμένος
252 457 337 529 εἶναι
359 462 550 546 δυνάμενος·
578 461 713 551 ίδιῶτης
733 460 796 551 γὰρ
819 463 919 549 έγωγε
939 470 1005 532 τῶν
1025 465 1138 532 τοιού-

107 590 177 633 των
194 566 250 631 καλ
267 560 413 647 ἄτεχνος,
440 567 495 631 καὶ
515 563 661 650 μάλιστα
682 565 976 654 παραβαλλόμενος
998 562 1138 655 ἀνδράσι

109 670 222 754 τέχνην
238 663 277 734 τὸ
295 670 432 753 πρᾶγμα
448 672 696 754 πεποιημένοις.
723 663 808 735 ῶστε
824 669 880 734 καί
898 664 1053 756 ἀχάριτός
1070 668 1139 754 είμι

109 772 168 837 καὶ
183 764 301 858 ἥκιστα
318 766 534 852 συμποτικὸς,
552 766 626 837 οὐδ’
642 764 722 839 ὅσον
737 772 865 857 γέλωτα
881 775 1023 858 ποιῆσαι
1041 771 1139 838 δονά-

108 890 222 958 μενος·
249 876 382 957 συνίημι
403 872 441 939 δὲ
458 867 504 950 ῶς
524 873 579 938 καί
602 870 721 955 ἐνοχλῶ
743 873 904 953 πολλάκις
924 873 1137 958 βλεπόμενος,

109 975 167 1041 καί
187 969 327 1058 μάλισθ’
344 968 422 1041 ὅταν
444 969 546 1058 ἡδίων
568 971 668 1054 αὐτὸς
688 969 790 1041 αύτού
814 970 898 1043 εἶναι
920 972 1035 1065 έθέλη·
1061 998 1140 1044 σκυ-

110 1072 254 1164 θρωπός
269 1072 332 1165 γὰρ
351 1071 440 1162 αύτῷ
459 1074 560 1157 δοκῶ,
583 1078 639 1142 καί
658 1071 743 1156 ύλως
762 1072 819 1143 ούκ
837 1074 899 1159 ύχω
922 1071 1016 1158 ὅπως
1033 1074 1138 1164 ἁρμό-

110 1201 223 1262 σωμαι
239 1175 325 1265 πρὸς
342 1174 450 1245 αύτόν.
477 1174 516 1265 ἢν
532 1175 670 1268 μὲνγὰρ
690 1177 748 1246 ἐπὶ
763 1184 823 1246 τοῦ
842 1185 962 1264 σεμνοῦ
980 1181 1136 1267 φυλάττω

110 1276 262 1364 ἐμαυτὸν,
282 1275 384 1368 ἀηδὴς
402 1278 499 1362 έδοξα
516 1283 572 1347 καί
587 1283 760 1366 μονονουχὶ
777 1285 941 1370 φευκτέος,
960 1277 1000 1368 ἢν
1018 1282 1053 1353 δὲ
1064 1307 1138 1367 μει-

108 1382 218 1450 διάσω
235 1383 292 1448 καί
308 1382 464 1471 ῥυθμίσω
486 1381 525 1451 τό
546 1382 731 1469 πρόσωπον
753 1382 787 1464 ές
807 1382 846 1452 τό
868 1378 1015 1472 ἥδιστον,
1043 1409 1138 1453 κατε-

110 1482 273 1575 φρόνησεν
299 1481 403 1565 εύθὺς
427 1486 483 1555 καί
509 1484 678 1566 διέπτυσε,
709 1483 829 1553 καὶτὸ
857 1492 995 1576 πρᾶγμα
1021 1481 1137 1572 ὅμοιον

111 1588 205 1655 δοκεῖ
222 1581 338 1675 ῶσπερ
361 1582 402 1655 ἀν
422 1586 457 1655 εί
474 1611 526 1666 τις
547 1588 722 1675 κωμῳδίαν
748 1584 960 1673 ἀποκρίναιτο
985 1587 1138 1677 τραγικὸν

109 1701 325 1778 προσωπεῖον
342 1694 577 1779 περικείμενος.
612 1688 651 1756 τὸ
671 1686 703 1755 δ’
719 1685 804 1768 ὅλον,
827 1694 901 1757 τίνα
919 1686 1018 1757 ἀλλον
1036 1687 1054 1759 5
1071 1690 1137 1776 μά-

109 1816 203 1870 ταιος
221 1789 353 1879 ἐμαυτῷ
373 1791 543 1876 βιώσομαι
562 1796 637 1875 βίον
657 1786 715 1858 τόν
736 1791 886 1877 παρόντα
906 1797 1023 1860 τούτου
1045 1791 1135 1882 ἀλλην

109 1894 295 1981 βεβιωκῶς,·
312 1892 362 1962 ’ύιι
379 1917 440 1962 σου
457 1899 562 1961 ταῦτα
579 1892 842 1981 διαλογιζομένου
862 1888 1008 1960 δκῶδων
1025 1889 1133 1981 ἤχησε,
1153 1916 1185 1966 ει

109 1999 167 2063 καὶ
181 1994 242 2085 χρὴ
260 2002 326 2063 τῶν
344 1991 467 2081 ὁμοίων
485 1994 622 2078 έχεσθαι
638 1998 695 2064 καί
711 2008 915 2085 περινοστεῖν
933 1996 989 2061 καί
1003 1993 1136 2064 ἑστάναι

109 2094 344 2186 δπαλείψαντά
361 2122 398 2186 γε
414 2097 575 2186 πρότερον
591 2097 668 2177 τοὺς
683 2103 855 2184 βουβῶνας
871 2099 928 2164 καί
940 2095 1000 2176 τὰς
1014 2096 1134 2185 ἰγνύας,

111 2199 142 2269 εί
170 2202 283 2280 θέλεις
297 2199 467 2289 διαρκέσαι
479 2199 566 2290 πρὸς
577 2197 633 2269 τὸν
648 2192 769 2268 ἆθλον·
787 2197 859 2268 εἶτα
873 2200 1006 2268 δεῖπνον
1020 2196 1135 2286 ὅμοιον

112 2304 167 2370 καί
185 2301 219 2383 dg
236 2300 294 2390 τὴν
311 2298 410 2392 αάτὴν
428 2297 516 2392 ύίραν
533 2308 756 2392 περιηγμένον,
774 2308 831 2371 καί
847 2327 902 2371 σοι
919 2300 961 2370 τδι
977 2308 1036 2391 τῆς
1049 2304 1137 2371 διαί-

4 2484 5 2491 ,
110 2431 168 2493 της
184 2401 270 2494 πρὸς
286 2402 344 2472 τὸν
361 2404 469 2472 πάλαι
484 2409 558 2489 βίον
576 2402 779 2494 ἀντίστροφα
800 2408 856 2473 καὶ
873 2402 893 2494 ἦ
917 2402 1081 2495 ἀγρυπνία
1099 2406 1136 2473 δδ

3 2502 5 2541 ³
110 2510 167 2575 καὶ
188 2505 205 2576 5
228 2506 330 2594 λόρῶς
351 2509 407 2573 καί
429 2503 446 2573 5
469 2507 616 2591 κάματος
636 2503 742 2594 ἠρέμα
763 2505 824 2594 ἤδη
847 2503 1089 2593 ὑπορύττουσιν
1114 2505 1137 2594 ἢ

3 2684 5 2703 μ
111 2609 225 2699 φθόην
245 2606 268 2698 ἢ
289 2614 565 2699 περιπνευμονίαν
586 2605 608 2698 ἢ
632 2610 739 2676 κώλου
762 2607 890 2696 ἀλγημα
911 2606 933 2696 ἢ
954 2606 1011 2695 τὴν
1036 2608 1135 2695 καλὴν
1248 2690 1257 2711 Χ

110 2712 280 2801 ποδάγραν
299 2708 569 2790 ἀναπλάττοντες.
605 2709 748 2793 ἀντέχεις
765 2711 801 2778 δὲ
819 2706 918 2795 ὅμως,
937 2714 993 2778 καί
1010 2711 1136 2777 πολλά-

108 2839 161 2894 κις
177 2821 396 2882 κατακεῖσθαι
414 2815 500 2895 δέον,
525 2811 716 2882 οὐδὲτοῦτο
736 2813 991 2900 συγκεχώρηται·
1015 2819 1136 2901 σκῆψις

108 2912 208 3006 γὰρὴ
231 2917 329 2997 νόσος
349 2919 405 2984 καί
422 2915 509 3007 φυγὴ
532 2924 598 2984 τῶν
619 2916 830 3004 καθηκόντων
852 2915 971 2997 ἔδοξεν.
1008 2910 1084 2983 ὥστ’
1101 2914 1137 2998 ἐξ

108 3015 266 3086 ἀπάντων
284 3016 388 3106 ῶχρὸς
406 3017 524 3087 ἀείκαὶ
539 3015 618 3088 ύσον
631 3017 763 3088 οὐδέπω
775 3020 1008 3107 τεθνηξομένῳι
1017 3017 1135 3098 έοικας.

107 3118 223 3188 καὶτὰ
239 3121 299 3204 μὲν
316 3119 349 3187 έν
366 3128 406 3210 τῇ
424 3123 523 3189 πόλει
539 3130 653 3191 ταῦτα.
688 3120 726 3210 ἢν
745 3125 782 3190 δέ
798 3148 864 3190 που
883 3124 939 3188 καλ
961 3117 1136 3210 ἀποδημῇ·
1153 3140 1186 3192 32

108 3246 170 3291 σαι
193 3222 262 3308 δέῃ,
292 3219 409 3305 τὰμὲν
431 3221 515 3289 ἀλλα
532 3224 591 3291 δῶ·
618 3220 733 3305 ύοντος
756 3226 792 3292 δέ
813 3225 974 3311 πολλάκις
995 3218 1136 3302 ύστατος

108 3322 222 3393 δλθῶν
235 3360 276 3372 ·-
291 3328 423 3390 τοιοῦτο
436 3325 497 3413 γάρ
509 3349 563 3392 σοι
576 3323 842 3414 ἀποκεκλήρωται
854 3324 959 3392 καὶτὸ
975 3326 1084 3411 ζεῦγος
1093 3361 1137 3374 -

109 3430 311 3513 περιμένεις,
339 3423 403 3493 ἔστ’
419 3422 459 3492 ἀν
481 3424 581 3495 ούκέτ’
599 3424 699 3514 ούσης
715 3432 903 3513 καταγωγῆς
923 3432 970 3512 τῷ
988 3430 1135 3513 μαγείρῳ

111 3553 149 3598 σε
170 3525 192 3619 ἢ
213 3535 261 3617 τῷ
282 3535 340 3616 τῆς
363 3530 538 3617 δεσποίνης
559 3535 712 3618 κομμωτῇ
736 3528 1040 3613 συμπαραβύσωσιν
1058 3524 1136 3595 ούδδ

110 3637 176 3698 τῶν
197 3632 370 3721 φρυγάνων
392 3633 545 3719 δαψιλῶς
564 3628 795 3717 ὑποβαλόντες.
832 3628 890 3698 ούκ
913 3627 996 3696 ὀκνῶ
1020 3630 1057 3697 δέ
1078 3652 1135 3698 σοι
1151 3649 1185 3700 ευ

68 3814 71 3825 ¹
110 3736 167 3800 καλ
184 3734 409 3824 διηγήσασθαι
425 3731 447 3802 5
462 3760 522 3819 μοι
536 3733 742 3819 Θεσμόπολις
757 3724 853 3813 οὗτος
866 3729 884 3800 5
899 3729 1045 3812 Στωϊκὸς
1064 3733 1135 3820 διη-

108 3835 233 3924 γήσατο
252 3838 379 3925 συμβὰν
397 3836 486 3925 αύτῷ
503 3838 591 3906 πάνυ
613 3840 740 3924 γελοῖον
762 3839 818 3903 καί
838 3833 875 3923 νὴ
894 3832 949 3904 Δί’
966 3832 1025 3903 ούκ
1042 3832 1135 3903 ἀνέλ·

110 3962 241 4021 πιστον,
261 3936 307 4020 ῶς
324 3938 366 4009 ἀν
383 3944 438 4011 καί
455 3937 544 4029 ἀλλην
561 3936 681 4008 ταύτόν
699 3944 858 4028 συμβαίη·
881 3944 977 4026 συνῆν
994 3935 1133 4027 μὲνγὰρ

108 4042 255 4131 πλουσίᾳ
271 4046 335 4111 τινὶ
352 4045 407 4113 καί
429 4043 588 4135 τρυφῶση
609 4045 736 4132 γυναικί
758 4049 823 4111 τῶν
845 4040 1015 4133 ἐπιφανῶν
1039 4039 1134 4130 έντῇ
