2740 4648
249 254 314 323 278
640 261 897 327 AorKIANOr

249 373 376 461 νύκτωρ
393 366 447 440 ἀεὶ
463 367 501 439 τὸ
520 364 665 457 ὑγιαῦνον
682 364 871 456 άναγκαῖον,
893 368 950 436 καὶ
966 367 1113 454 μάλιστα
1129 380 1202 450 τοῖς
1219 363 1282 459 άρ·
1357 414 1358 419 1

248 501 348 561 χοοσι
367 475 423 542 καί
447 471 559 543 πολλά
584 472 787 561 πράττουσιν
812 467 904 557 ὑμῖν,
937 466 1006 560 ὅσῳ
1037 473 1093 539 καὶ
1122 469 1208 560 πρὸς
1237 469 1280 539 τά

202 590 209 594 ’
250 575 361 648 πολλὰ
383 578 501 645 δεῖσθε
522 581 581 644 τοῦ
604 578 773 660 σώματος·
800 574 850 643 ἔτι
872 575 909 642 δὲ
930 570 949 642 ὑ
974 575 1034 660 μὲν
1058 586 1154 662 χαῖρε
1176 571 1287 642 είπιδν

250 682 351 767 μόνον
359 677 547 769 εῦφὴμφτῇ
557 676 638 769 άρχῇ
648 676 816 768 ἐχρήσατο,
835 679 891 744 καί
901 675 988 746 ἔστιν
997 672 1074 765 εῦχὴ
1084 676 1123 746 τὸ
1133 683 1279 765 πρᾶγμα,

253 779 271 851 ὑ
292 784 328 851 δὲ
344 780 500 870 ὑγιαίνειν
517 778 819 870 παρακελευόμενος
836 781 892 846 καὶ
910 779 1071 868 χρήσιμόν
1091 806 1125 848 τε
1147 780 1210 868 δρᾷ
1227 780 1282 846 καὶ

251 883 494 973 ὑπομιμνήσκει
510 891 575 952 τιῦν
588 882 674 971 πρὸς
685 882 724 951 τδ
742 879 897 970 ὑγιαίνειν
911 881 1156 964 συντελούντων,
1175 877 1279 947 καλοῦ

203 1009 236 1060 18
255 988 443 1070 συνεύχεται
459 986 569 1072 μόνον,
590 983 744 1055 ἀλλὰκαὶ
763 986 990 1072 παραγγέλλει.
1026 990 1061 1053 τί
1078 981 1125 1068 δ’,
1144 980 1215 1066 οῦχλ
1227 985 1283 1050 καλ

254 1089 287 1158 ἐν
308 1096 356 1178 τῷ
377 1096 444 1158 τῶν
466 1089 603 1158 ἐντολῶν
623 1091 759 1176 βιβλίῳ,
788 1087 806 1155 ὑ
831 1084 883 1155 άεὶ
904 1085 1011 1175 παρὰ,
1018 1089 1182 1172 βασιλέως
1199 1088 1283 1170 λαμ-

253 1193 378 1279 βάνετε,
397 1199 494 1261 τοῦτο
512 1198 645 1280 πρῶτον
663 1189 740 1273 ὑμῖν
758 1188 828 1258 ἔστι
841 1189 1066 1278 παράγγελμα,
1085 1196 1144 1277 τῆς
1157 1186 1283 1275 ὑγιείας
1357 1212 1358 1289 J

184 1331 186 1335 ¹
253 1302 311 1385 τῆς
319 1290 477 1383 ὑμετέρας
487 1291 594 1360 αὐτῶν
604 1293 856 1378 ἐπιμελεῖσθαις
869 1294 925 1359 καὶ
931 1289 1007 1376 μάλ’
1019 1291 1170 1372 εἰκότως·
1189 1288 1283 1359 οῦδὲν
1357 1298 1358 1331 ³

253 1397 316 1486 γὰρ
335 1394 375 1465 άν
393 1398 443 1484 εἴη
463 1393 584 1486 ὄφελος
600 1393 692 1480 ὑμῶν
709 1393 795 1480 πρὸς
816 1394 861 1463 τά
877 1390 961 1462 άλλα
981 1393 1025 1482 μὴ
1050 1388 1137 1462 οὑτω
1161 1395 1285 1478 διακει-
1357 1416 1358 1479 ,

253 1505 370 1586 μένων.
407 1496 565 1567 ἀλλὰκαὶ
586 1495 681 1583 ὑμεῖς
699 1495 807 1580 αῦτοὶ,
831 1497 864 1564 εί
882 1522 916 1565 τι
937 1493 1026 1584 κάγαλ
1047 1502 1106 1585 τῆς
1119 1494 1285 1582 Ῥωμαίων
1357 1502 1358 1525 ¹

255 1609 367 1692 φωνῆς
385 1601 503 1685 ἐπαίω,
522 1599 599 1681 τοῦς
615 1601 923 1690 προσαγορεύοντας
941 1596 1219 1684 ἀντιδεξιούμενοι
1235 1607 1285 1688 τῷ
1357 1600 1358 1683 s

186 1776 188 1787 ,
205 1726 239 1774 14
255 1710 314 1792 τῆς
324 1700 448 1791 ὑγιείας
460 1702 598 1790 ὀνόματι
605 1704 767 1782 πολλάκις
775 1699 967 1788 ἀμείβεσθε.
996 1705 1166 1770 καὶταῦτα
1173 1700 1286 1771 πάντα

256 1803 351 1876 εἶπον
369 1804 428 1889 οῦχ
446 1802 492 1886 άς
509 1805 545 1873 ἐκ
561 1812 721 1896 προνοίας
738 1803 871 1895 άφιλών
888 1805 946 1890 μὲν
963 1802 1002 1873 τὸ
1013 1810 1149 1891 χαίρειν,
1169 1804 1293 1894 ἐπιτη*

256 1908 377 1990 δεύσας
394 1909 431 1976 δὲ
448 1905 514 1976 ἄντ’
527 1904 628 1976 αὑτοῦ
645 1909 752 1978 είπεῖν
773 1907 811 1977 τὸ
834 1905 1004 1996 ὑγιαίνειν,
1034 1904 1103 1974 ἀλλ’
1118 1905 1165 1988 (ὑς
1185 1914 1288 1977 τοῦτο

254 2013 314 2098 μὲν
336 2008 424 2078 άκων
445 2010 585 2078 παθάν·
610 2008 632 2099 ἢ
654 2011 783 2099 γελοῖός
803 2009 831 2099 γ’
847 2009 887 2078 ῦν
913 2001 952 2098 ἦν
974 2011 1103 2092 ξενίζων
1124 2012 1179 2079 καί
1207 2008 1288 2092 τοῦς

207 2136 238 2184 15
256 2113 390 2200 καιροῦς
407 2119 473 2182 τιῦν
489 2114 784 2208 προσαγορεύσεων
802 2113 1015 2183 ἐναλλάττων.
1040 2114 1136 2202 χάριν
1155 2114 1191 2181 δὲ
1205 2110 1291 2200 δμο-

256 2219 343 2304 λογιῦ
373 2228 445 2296 τοῖς
469 2223 578 2297 θεοῖς,
607 2212 661 2284 ὅτι
685 2243 745 2303 μοι
769 2216 808 2285 τδ
831 2220 969 2305 σφάλμα
991 2218 1039 2297 εἰς
1064 2214 1146 2284 άλλο
1170 2222 1289 2309 μακρῷ

257 2319 452 2405 αἰσιώτερον
474 2318 680 2409 περιετράπη
706 2322 762 2388 καί
784 2317 817 2400 δς
837 2318 876 2388 τὸ
900 2316 1033 2404 ἄμεινον
1054 2318 1288 2410 παρώλισθον,

256 2423 313 2489 καί
329 2421 413 2504 τάχα
429 2428 488 2509 τῆς
501 2417 636 2510 Ἰγιείας
651 2419 673 2511 ἢ
687 2419 881 2509 Ἀσκληπιοῦ
900 2418 1001 2491 αὑτοῦ
1020 2422 1180 2511 ἐπιπνοίᾳ
1196 2418 1287 2490 τοῦτ’

258 2522 413 2612 ἐπράχθη
437 2521 479 2592 δι’
495 2523 575 2609 ἐμοῦ
598 2548 654 2592 σοι
670 2522 709 2592 τὸ
732 2522 888 2611 ὑγιαίνειν
909 2521 1185 2610 ὑπισχνουμένου·
1212 2523 1293 2594 δπελ
1357 2534 1358 2539 ’

258 2626 358 2715 λ’γωγε
375 2633 449 2706 πῶς
467 2622 507 2694 ἂν
525 2623 607 2694 αῦτὸ
626 2626 757 2695 ἔπαθον
776 2623 852 2694 άνεο
869 2634 954 2695 θεοῦ
971 2629 1111 2715 μηδέπω
1125 2626 1292 2717 πρότερον

146 2748 151 2761 ’
207 2749 240 2798 16
258 2726 291 2799 ἐν
312 2736 359 2816 τῷ
380 2734 495 2818 μακρῷ
516 2723 581 2817 βίῳ
603 2731 783 2818 ταραχθεὶς
805 2725 937 2815 ὑμοιονς
963 2729 993 2797 εἰ
1019 2729 1056 2799 δὲ
1078 2731 1207 2799 δεῖκαὶ
1233 2728 1295 2798 άν·

258 2837 432 2920 θρωπίνην
457 2830 531 2900 τινὰ
556 2829 641 2921 ὑπὲρ
673 2837 731 2899 τοῦ
759 2832 930 2919 γεγονότος
961 2829 1144 2920 άπολογίαν
1170 2833 1293 2915 εἰπεῖν,

259 2929 353 3000 οῦδὲν
371 2935 472 3015 ξένον,
501 2933 531 3001 εί
548 2934 635 3003 πάνυ
654 2932 869 3014 ἐσπουδακὼς
886 2933 943 3002 ἐπὶ
960 2948 1032 3015 τοῖς
1054 2932 1203 3025 άρίστοις
1220 2932 1294 3002 ὑπὸ

205 3094 210 3100 .
259 3039 320 3102 σοῦ
341 3034 562 3122 γνωρίζεσθαι
585 3035 619 3103 ἐκ
644 3043 703 3125 τῆς
729 3031 811 3124 άγαν
834 3037 1019 3123 ἐπιθυμίας
1041 3037 1075 3117 ἐς
1100 3033 1295 3105 τούναντίον

259 3137 495 3223 διαταραχθεὶς
518 3137 681 3207 ἐνέπεσον.
720 3140 805 3222 τάχα
827 3136 858 3207 δ’
874 3137 914 3208 άν
936 3167 1010 3209 τινα
1037 3139 1206 3229 ἐκπλήξειε
1232 3145 1295 3227 τῆς

257 3234 326 3305 κατ’
344 3235 448 3329 ὄρθδν
466 3238 622 3329 λογισμὸν
639 3244 695 3308 καί
713 3249 923 3331 στρατιωτῶν
939 3246 1086 3333 πλῆθος,
1112 3233 1157 3310 ὧν
1180 3238 1214 3310 οἱ
1230 3243 1295 3328 μὲν

257 3349 507 3433 προωθοῦντες,
532 3344 565 3412 αἱ
583 3345 619 3412 δὲ
636 3343 669 3412 ἒν
685 3350 725 3433 τῇ
742 3345 835 3426 τάξει
856 3352 914 3433 τῆς
931 3345 1229 3435 προσαγορεύσεως
1246 3341 1295 3434 μὴ

190 3466 242 3530 ,17
257 3450 515 3528 mensem*
538 3444 578 3515 σὺ
602 3444 634 3514 δ’
651 3438 686 3515 εὑ
706 3443 841 3516 τίδ’ὑτι
858 3445 917 3515 κάν
935 3448 969 3515 οὑ
990 3443 1087 3515 άλλοι
1108 3447 1156 3529 είς
1175 3444 1296 3515 άνοιαν

258 3542 519 3635 ἢᾶπαιδευσίαν
541 3545 563 3638 ἢ
584 3549 842 3643 παραφροσύνην
865 3545 1058 3640 άναφίρωσι
1077 3548 1117 3618 τὸ
1139 3556 1293 3639 πρᾶγμα,

259 3649 374 3729 αἰδοῦς
392 3646 472 3718 αὐτὸ
492 3650 655 3737 σύμβολον
677 3655 733 3719 καὶ
755 3649 913 3740 ἀφελείας
935 3651 1085 3741 δποιήσω
1106 3654 1164 3720 καλ
1180 3658 1299 3740 ψυχῆς

258 3752 360 3841 μηδὲν
386 3748 542 3839 άγαραῑον
566 3756 622 3822 καὶ
649 3754 791 3837 ἐ’ντεχνον
817 3753 967 3843 δχούσης·
998 3751 1046 3835 ὥς
1065 3756 1109 3824 τά
1136 3780 1175 3843 γε
1200 3755 1297 3825 πάνυ

258 3841 447 3943 θαρραλέον
468 3852 502 3923 ἐν
522 3867 594 3936 τοῖς
613 3857 778 3937 τοιούτοις
801 3855 843 3925 οῦ
862 3857 979 3948 πόρρω
1001 3858 1215 3948 θρασύτητος
1239 3858 1300 3927 καί
1357 3840 1358 3929 λ

192 4010 193 4013 ¹
260 3952 488 4039 ἀναισχυντίας
519 3955 599 4028 δστί.
642 3962 698 4028 καί
723 3958 834 4048 λμοιγε
860 3961 910 4050 εἴη
936 3960 1039 4048 μηδλν
1066 3961 1127 4047 μὲν
1154 3966 1300 4030 τοιαῦτα

262 4057 488 4146 σφάλλεσθαι,
507 4059 539 4129 εἰ
555 4061 591 4129 δὲ
608 4067 752 4151 συμβαίη
757 4113 767 4145 ,
785 4056 871 4153 πρὸς
888 4060 1052 4153 εὐφημίαν
1069 4057 1150 4132 αύτδ
1168 4066 1303 4154 τρέπε·
