2722 4646
214 241 257 306 22
602 244 858 301 ΔΟΥΚΙΑΝΟΥ
923 256 925 260 “

215 359 387 443 δείγματα,
411 359 470 442 τῆς
491 356 619 440 τροφῆς
639 348 678 418 τὸ
702 340 879 435 ἀπέριττον
895 351 959 417 ,καὶ
977 355 1043 418 τῶν
1059 355 1251 437 γυμνασίων

212 457 251 527 τὸ
274 454 459 545 σύμμετρον
480 457 537 522 καί
558 459 617 521 τοῦ
639 453 825 543 προσώπου
848 450 888 520 τὸ
910 452 1082 538 αἰδέσιμον
1108 455 1164 520 καὶ
1188 460 1250 541 τῆς

215 560 360 650 ἐσθῆτος
380 557 420 627 τὸ
441 563 583 646 μέτριον,
609 552 660 645 ἐφ’
674 551 790 639 7δι’πασι
812 555 857 623 δὲ.
869 556 1002 637 τούτοις
1022 561 1080 644 τῆς
1098 556 1250 635 διανοίας

163 687 196 736 εν
214 663 252 732 τὸ
279 660 483 751 ἡρμοσμένον
508 662 565 727 καὶ
588 657 628 728 τὸ
650 653 771 746 ἥμερον
791 664 851 726 τοῦ
873 657 1012 746 τρόπου.
1048 659 1188 747 παρῄνει
1211 659 1250 729 δὲ,

213 777 285 844 τοῖς
312 770 446 834 συνοῦσι
471 761 516 850 μή
543 759 795 847 ἀναβάλλεσθαι
820 757 859 828 τὸ
886 756 1027 847 ἀγαθὸν,
1060 756 1144 846 ὅπερ
1169 760 1251 842 τοὺς
1353 802 1354 853 3

213 867 358 948 πολλοὺς
379 878 489 935 ποιεῖν
510 869 725 952 προθεσμίας
743 859 952 952 ὁριζομένους
970 860 1086 950 ἑορτάς
1103 860 1124 952 ἢ
1140 889 1250 952 πανη-

213 973 336 1062 γύρεις,
366 967 412 1050 ὥς
434 963 492 1035 ἀπ’
517 964 645 1034 έκείνων
668 957 866 1054 ἀρξομένους
890 972 950 1034 τοῦ
976 963 1022 1053 μή
1048 965 1249 1053 ψεύσασθαι

213 1078 350 1142 καὶτοῦ
372 1069 414 1139 τὰ
437 1072 552 1137 δέοντα
573 1075 730 1156 ποιῆσαν
756 1067 849 1157 ἠξίου
871 1067 935 1159 γὰρ
957 1066 1137 1158 ἀμέλλητον
1160 1068 1248 1138 εἶναι
1353 1076 1354 1159 J

213 1174 271 1267 τῆν
289 1174 375 1263 πρὸς
392 1172 431 1242 τὸ
448 1170 546 1239 καλὸν
566 1167 678 1259 ὁρμήν.
712 1172 810 1258 δῆλος
828 1172 864 1238 δὲ
880 1163 919 1260 ἦν
936 1174 992 1239 καὶ
1008 1173 1249 1242 τῶντοιούτων
1353 1188 1354 1263 J

213 1274 422 1364 κατεγνωκὼς
440 1275 646 1364 φιλοσόφων,
670 1277 705 1341 οἳ
725 1274 845 1362 ταύτην
867 1270 1004 1362 ἄσκησιν
1026 1271 1143 1364 ἀρετῆς
1164 1273 1251 1343 ἀπε·

213 1380 389 1465 λάμβανον,
417 1374 456 1466 ἢν
478 1369 620 1457 πολλαῖς
646 1373 801 1464 ἀνάγκαις
826 1379 883 1445 καί
907 1378 1025 1458 πόνοις
1051 1376 1128 1456 τοὺς
1153 1383 1250 1459 νέους
1353 1378 1354 1465 J

214 1479 357 1564 ἀντέχειν
374 1480 662 1566 καταγυμνάσωσι,
681 1486 780 1547 τοῦτο
796 1481 857 1563 μὲν
876 1481 943 1547 δεῖν
958 1480 991 1547 οἱ
1003 1482 1124 1547 πολλοὶ
1136 1481 1249 1547 νελεύ-
1353 1474 1354 1569 J

214 1610 317 1665 οντες,
342 1580 437 1650 ἀλλοι
455 1583 491 1649 δὲ
507 1587 753 1667 μαστιγοῦντες,
779 1581 812 1648 ολ
830 1582 866 1649 δὲ
886 1587 1094 1670 χαριέστεροι
1114 1585 1171 1649 καὶ
1193 1606 1251 1650 σι-

163 1709 197 1758 28
216 1687 304 1776 δήρφ
332 1683 392 1764 τάς
419 1683 616 1773 ἐπιφανείας
641 1680 749 1750 αύτιῦν
775 1685 997 1765 καταξύοντες.
1041 1680 1151 1771 ἡγεῖτο
1181 1683 1247 1774 γὰρ
1353 1734 1354 1767 f

211 1795 329 1877 χρῆναι
351 1784 436 1854 πολὺ
458 1787 619 1875 πρότερον
643 1783 676 1852 ἒν
696 1797 773 1864 ταῖς
794 1798 917 1872 ψυχαῖς
937 1784 976 1853 τὸ
996 1784 1130 1874 στερρὸν
1145 1794 1249 1856 τοῦτο

213 1895 269 1960 καλ
287 1888 422 1968 ἀπαθές
439 1887 695 1970 κατασκευάσαι,
714 1886 845 1956 καὶτὸν
861 1884 981 1975 ἀριστα
997 1889 1170 1956 παιδεύειν
1188 1886 1250 1957 ἀν-

214 1995 378 2084 θρώπους
395 1990 657 2080 προαιρούμενον
674 1996 773 2059 τοῦτο
789 1992 849 2075 μὲν
863 1995 985 2078 ψυχῆς,
1004 1997 1104 2059 τοῦτο
1123 1992 1160 2059 δὲ
1178 1991 1251 2059 σιύ·

213 2122 333 2184 ματος,
361 2100 460 2162 τοῦτο
487 2093 524 2159 δὲ
549 2088 677 2180 ἡλικίας
701 2117 738 2158 τε
763 2095 819 2158 καί
844 2098 903 2180 τῆς
928 2092 1090 2182 πρότερον
1117 2090 1249 2183 ἀγωγῆς
1353 2138 1354 2143 1

215 2199 435 2282 ἐστοχάσθαι,
454 2195 509 2264 ἵνα
526 2193 570 2283 μὴ
589 2193 630 2262 τὰ
649 2192 743 2282 παρὰ
760 2195 897 2278 δύναμιν
916 2193 1099 2263 ἐπιτάττων
1118 2194 1251 2284 ἐλέγχη-

213 2319 286 2370 ται·
312 2297 457 2378 πολλοὺς
478 2304 556 2385 γοῦν
577 2300 632 2363 καὶ
653 2300 805 2365 τελευτᾶν
828 2295 968 2389 ’ἔφασκεν
990 2292 1095 2379 ούτως
1117 2296 1250 2386 ἀλόγως

215 2402 452 2480 ἐπιταθέντας·
476 2400 532 2468 ἕνα
550 2399 658 2467 δὲκαὶ
677 2395 776 2479 αὐτὸς
794 2396 891 2480 εἶδον,
915 2398 952 2479 ὃς
969 2401 1026 2466 καὶ
1046 2400 1249 2487 γευσάμενος

214 2511 280 2573 τῶν
301 2500 381 2594 παρ’
402 2502 536 2583 ἐκείνοις
552 2510 669 2585 κακῶν,
693 2500 808 2591 ἐπειδὴ
826 2504 966 2586 τάχιστα
983 2502 1088 2591 λόγων
1107 2500 1250 2593 ἀληθῶν

214 2605 404 2696 ἐπήκουσεν,
429 2602 674 2695 ἀμεταστρεπτὶ
692 2606 822 2695 φεύγων
841 2603 887 2685 ὥς
909 2602 1007 2675 αάτὸν
1028 2602 1167 2694 ἀφίκετο
1188 2608 1248 2673 καὶ

163 2730 196 2780 29
215 2710 312 2798 δῆλος
329 2700 368 2799 ῆν
386 2711 465 2799 ῥᾷον
484 2710 695 2793 διακείμενος.
735 2704 797 2796 ήδη
816 2709 852 2775 δέ
868 2707 995 2777 τούτων
1012 2705 1163 2790 ἀποστὰς
1179 2715 1249 2778 τῶν
1353 2700 1354 2731 J

214 2809 321 2879 ἀλλων
344 2801 447 2890 αὖθις
468 2806 660 2901 ἀνθρώπων
682 2809 839 2897 ἐμέμνητο
861 2807 1000 2890 καὶτὰς
1021 2809 1054 2878 έν
1078 2818 1119 2900 τῆ
1145 2811 1250 2881 πόλει

214 2910 359 3003 ταραχὰς
382 2913 504 3001 διεξῄει
523 2915 580 2980 καί
599 2910 658 2980 τὸν
680 2908 836 2998 ὠθισμὸν
858 2909 967 2981 αὐτῶν
983 2915 1036 2980 καὶ
1054 2912 1097 2981 τὰ
1114 2918 1247 3004 θέατρα

214 3019 271 3083 καλ
290 3013 348 3083 τὸν
371 3015 582 3104 ἱππόδρομον
597 3017 655 3082 καὶ
670 3013 731 3095 τάς
747 3021 812 3083 τῶν
829 3012 969 3105 ῆνιόχων
986 3015 1114 3096 εἰκόνας
1130 3018 1186 3083 καὶ
1201 3015 1258 3087 τὰ.

213 3124 282 3186 τῶν
305 3117 421 3186 ἵππων
448 3114 595 3202 ὀνόματα
618 3118 675 3184 καί
699 3115 778 3197 τοὺς
803 3116 836 3186 έν
860 3130 933 3198 τοῖς
958 3130 1142 3199 στενωποῖς
1166 3120 1257 3207 περὶ.

213 3219 340 3289 τούτων
363 3220 549 3307 διαλόγους·
574 3218 682 3309 πολλῆ
704 3218 766 3307 γάρ
789 3216 835 3300 ὥς
857 3215 995 3308 ἀληθῶς
1016 3217 1036 3310 ῆ
1056 3219 1248 3307 ἱππομανία

214 3325 270 3392 καλ
292 3324 424 3391 πολλῶν
441 3320 503 3411 ήδη
522 3324 714 3391 σπουδαίων
733 3318 817 3391 εἶναι
835 3322 1017 3391 δοκούντων
1035 3321 1256 3412 έπείληπταω
1275 3324 1280 3333 ’

164 3447 198 3500 80
213 3423 299 3512 μετὰ
321 3425 482 3494 δὲταῦτα
504 3424 614 3513 ἑτέρου
638 3425 805 3514 δράματος
830 3420 954 3513 ἥπτετο
975 3431 1045 3493 τῶν
1071 3422 1161 3515 ἀμφὶ
1185 3424 1247 3515 τὴν

214 3528 342 3598 νέκυιάν
363 3529 476 3595 τεκαὶ
498 3527 663 3615 διαθήκας
683 3529 949 3612 καλινδουμένων,
973 3529 1174 3616 προστιθεὶς
1191 3522 1248 3598 ὅτι

165 3624 172 3635 ’
213 3635 292 3717 μίαν
310 3627 422 3720 φωνήν
435 3625 599 3713 Ῥωμαίων
620 3631 742 3709 παῖδες
762 3627 874 3720 ἀληθῆ
894 3625 974 3720 παρ’
994 3625 1072 3698 ὅλον
1092 3628 1149 3698 τὸν
1168 3634 1246 3717 βίον

214 3736 401 3822 προίενται,
418 3728 476 3822 τὴν
490 3730 523 3800 έν
538 3743 612 3811 ταῖς
631 3732 810 3820 διαθήκαις
827 3735 937 3820 λέγων,
957 3732 1012 3801 ἵνα
1027 3729 1074 3821 μή
1092 3729 1258 3801 ἀπολαύω

216 3858 302 3904 σωσι
321 3841 381 3924 τῆς
402 3839 564 3926 σφετέρας
581 3832 753 3925 ἀληθείας.
787 3834 866 3904 ἃδέ
882 3838 938 3904 καὶ
952 3832 1075 3921 μεταξὺ
1093 3837 1258 3922 λέγοντος.

216 3934 318 4006 αύτόῦ
339 3939 435 4027 γελᾶν
456 3936 644 4028 προήχθην,
672 3932 726 4006 ὅτι
745 3939 802 4006 καὶ
823 3937 1090 4026 συγκατορύττειν
1112 3936 1257 4018 ἑαυτοῖς.

217 4036 347 4125 ἀξιοῦσι
368 4038 428 4121 τὰς
450 4036 602 4127 ἀμαθίας
618 4041 675 4119 καὶ
691 4037 748 4129 τήν
766 4037 964 4129 ἀναλγησίαν
981 4040 1144 4131 δγγραφον
1161 4035 1247 4128 ὁμο·
