2752 4632
378 238 455 294 XVI.
477 238 742 294 ΚΑΤΑΠΛΟΥΣ
764 241 883 295 ετ-εο.
1081 232 1147 297 243

167 356 248 414 ΡΑΔ.
286 342 417 409 Εἴπατε
440 334 497 410 σόν
518 340 611 428 ὑμεῖς
629 343 651 411 δι
670 332 915 413 συνεπίστασθε
932 354 1146 437 Μεγαπένθει

115 446 237 533 ταύτην·
256 452 402 535 προτέρα
420 446 456 512 δὲ
474 444 515 513 σὺ
533 444 553 533 ἦ
571 449 670 535 Κλίνη
689 449 771 534 λέγε.

165 562 265 617 ΚΔΙΝ.
303 547 418 615 Πάντα
436 544 547 636 ἀληθῆ
565 552 767 636 κατηγόρησε
784 554 953 630 Κυνίσκος.
987 550 1049 639 ἐγὼ
1068 559 1144 637 μέν-

114 674 169 718 τοι
189 654 292 716 ταῦτα
315 650 434 732 εἰπεῖν,
463 641 490 718 τό
513 651 661 718 δέσποτα
680 644 902 736 Ῥαδάμανθυ,
932 653 1166 739 αίσχόνομαι·;

113 757 252 819 τοιαῦτα
269 742 309 838 ἦν
325 751 347 818 δι
366 748 416 819 ἐπ’
434 750 515 836 ἐμοῦ
534 755 759 842 διεπράττετο.

111 880 120 921 ·.
164 869 245 925 ΡΑΔ.
284 859 485 943 Σαφέστατα
501 856 560 938 μέν
579 846 634 924 σόν
655 870 913 944 καταμαρτυρεῖς
934 858 1018 946 μηδὲ
1036 857 1142 927 εἰπεῖν

110 951 198 1024 αάτδι
215 951 438 1040 όπυμένουσα.
459 959 528 1024 κἀὶ
547 956 586 1025 σὺ
606 959 643 1026 δὲ
661 956 678 1025 ό
696 959 823 1042 Λύχνος
840 956 901 1046 ἤδη
919 961 1088 1049 μαρτύρει.

164 1070 251 1128 mx„
286 1055 367 1146 Ἐγὼ
394 1057 437 1126 τὰ
461 1057 539 1145 μεθ’
560 1057 682 1149 ἡμέραν
707 1063 766 1147 μέν
794 1059 852 1128 οὐκ
878 1058 982 1129 εἶδον·
1014 1060 1051 1129 οδ
1078 1061 1141 1152 γάρ

110 1165 237 1249 παρῆν·
265 1159 288 1226 δι
309 1161 345 1227 δὲ
361 1166 427 1229 τῶν
448 1169 570 1230 νυκτῶν
594 1162 703 1231 ίποίει
724 1165 780 1230 καὶ
798 1161 952 1246 ἔπασχεν,
982 1163 1066 1232 ὀκνῶ
1088 1169 1141 1233 λέ-

109 1282 194 1351 γειν·
220 1260 306 1350 πλὴν
328 1261 518 1353 ἐθεασάμην
539 1290 576 1351 γε
597 1264 707 1333 πολλὰ
727 1268 784 1332 καὶ
806 1262 933 1355 ἄρρητα
955 1270 1010 1334 καί
1028 1274 1142 1335 πᾶσαν

55 1361 61 1369 ’
108 1361 206 1453 ὕβριν
227 1361 513 1453 ὑπερπεπαικότα.
558 1373 666 1435 καίτοι
692 1369 852 1448 πολλάκις
881 1367 961 1436 ἑκὼν
982 1365 1149 1438 ’τοόλαιον

108 1464 173 1535 οὐκ
190 1466 302 1537 ἐ’πινον
320 1463 577 1558 ἀποσβεσθῆναι
593 1464 733 1538 ἐθέλων·
762 1467 780 1538 ό
800 1472 836 1538 δὲ
858 1473 914 1537 καὶ
935 1478 1083 1561 προσῆγέ
1098 1497 1141 1558 με
1192 1471 1196 1476 ’

106 1581 184 1649 τοῖς
210 1571 388 1659 δρωμένοις
412 1573 469 1637 καί
493 1570 532 1640 τὸ
559 1577 633 1661 φιῦς
661 1597 726 1658 μου
758 1573 867 1640 πάντα
897 1575 1021 1664 τρόπον
1046 1600 1141 1642 κατε-

106 1676 248 1759 μίαινεν.

164 1789 246 1846 ΡΑΔ
282 1770 366 1852 Ἅλις
391 1770 453 1862 ἤδη
479 1780 546 1842 τῶν
570 1775 752 1864 μαρτύρων.
795 1773 879 1844 άλλδι
904 1780 960 1844 καὶ
986 1776 1140 1846 ἀπόδυθι
1158 1802 1190 1849 28

23 1940 25 1944 ,
105 1875 169 1965 τὴν
190 1877 396 1964 πορφυρίδα,
424 1876 479 1944 ἵνα
503 1875 561 1946 τόν
588 1873 735 1966 άριθμδν
762 1879 885 1964 ’ίδωμεν
910 1884 976 1946 τῶν
1003 1881 1140 1966 στιγμά-

105 2004 186 2047 των.
222 1991 346 2060 παπαῖ,
367 1974 444 2059 όλος
462 1970 558 2060 οὗτος
575 1978 728 2061 πελιδνὸς
744 1984 800 2048 καὶ
817 1980 1037 2069 κατάγραφος,
1056 1986 1140 2065 μᾶλ.

106 2084 169 2149 λον
187 2081 223 2148 δέ
244 2087 382 2160 κυανυός
404 2080 492 2151 έστιν
509 2078 576 2149 όπό
599 2090 665 2150 τῶν
688 2085 884 2170 στιγμάτων.
920 2088 994 2150 τίνα
1017 2080 1057 2150 όν
1081 2075 1137 2151 οὖν

105 2186 291 2270 κολασθείη
309 2183 434 2270 τρόπον
439 2214 451 2267 ,·
473 2174 523 2273 ἆρ’
542 2184 576 2265 ές
592 2184 649 2253 τὸν
666 2186 959 2276 Πυριφλεγέθοντά
977 2186 1064 2254 έστιν
1083 2185 1139 2271 έμ.

103 2289 247 2374 βλητέος
262 2281 284 2373 ἢ
301 2286 508 2372 παραδοτέος
524 2294 571 2375 τῷ
589 2293 758 2378 Κερβέρῳ,·

106 2428 110 2434 ·
162 2403 247 2461 ΚΥΝ.
282 2390 466 2475 Μηδαμῶς·
494 2384 562 2456 ἀλλ’
578 2390 608 2457 εἰ
624 2394 750 2472 θέλεις,
780 2389 843 2478 όγιό
862 2415 918 2458 σοι
938 2392 1049 2479 καινήν
1066 2416 1139 2459 τινα

104 2491 167 2557 καὶ
184 2494 378 2577 πρέπουσαν
397 2488 485 2578 αὐτῷ
503 2500 663 2578 τιμωρίαν
680 2489 911 2579 ὑποθήσομαι,

164 2605 244 2660 ΡΑΔ
286 2597 385 2680 Λέγε,
414 2590 460 2672 ὥς
482 2590 545 2682 έγιό
568 2618 623 2662 σοι
647 2600 818 2687 μεγίστην
829 2593 887 2662 έπὶ
911 2595 1018 2681 τούτῳ
1042 2594 1138 2682 χάριν

104 2693 256 2777 ε’ίσομαι.

163 2812 247 2867 m.
278 2794 381 2878 Ἐθος
408 2795 509 2880 ἐστὶν,
537 2793 644 2883 οἶμαι,
676 2810 748 2879 τοῖς
774 2794 1027 2887 ἀποθνήσκουσι
1052 2804 1139 2864 πᾶσι

10 2906 15 2915 ’
102 2898 274 2971 πίνειντδ
292 2900 413 2989 Λήθης
429 2896 529 2987 ὕδωρ.

161 3017 243 3071 ΡΑΔ.
282 3002 372 3070 Πάνυ
390 3004 449 3087 μέν
466 2994 534 3071 οὖν.

161 3118 248 3173 mr.
284 3092 403 3175 θάκοόν
419 3106 520 3188 μόνος
537 3096 634 3186 οὗτος
651 3103 688 3188 ίξ
703 3101 858 3175 ἁπάντων
877 3102 1003 3186 άποτος
1020 3105 1115 3174 έστω.

161 3218 244 3274 ΡΑΔ.
284 3202 476 3295 Διδιτίδής
1129 3228 1189 3296 ,29

161 3320 248 3377 ΚΥΝ.
287 3305 442 3395 Χαλεπην
456 3303 574 3387 οὕτως
599 3304 714 3396 όφέξει
738 3306 797 3396 τὴν
823 3309 913 3396 δίκην
939 3312 1138 3393 μεμνημένος

97 3410 184 3489 οἶος
201 3399 311 3498 ἦνκαὶ
329 3405 408 3477 ὅσον
426 3409 561 3479 έδόνατο
579 3409 612 3478 έν
633 3420 705 3488 τοῖς
722 3405 803 3492 άνω,
826 3414 882 3476 καί
900 3406 1138 3493 ἀναπεμπαζό-

7 3502 9 3661 J
96 3538 208 3602 μενος
224 3509 282 3602 τὴν
299 3513 436 3601 τρυφήν.

7 3664 9 3697 ,
162 3630 243 3686 ΡΑΔ.
286 3606 337 3684 Εό
359 3617 477 3703 λέγεις·
504 3617 559 3682 καὶ
585 3615 859 3683 καταδεδικάσθω
885 3617 941 3682 καὶ
966 3611 1059 3701 παρὰ
1079 3611 1138 3680 τὸν

7 3700 9 3799 ί
102 3716 276 3788 Τάνταλον
307 3716 475 3802 ἀπαχθεὶς
508 3714 622 3787 οὑτοσί
657 3719 822 3801 δεδέσθω,
857 3723 1058 3807 μεμνημένας
1093 3706 1139 3785 ὦν

7 3808 9 3853 ἶ
97 3822 234 3909 ἔπραξε
251 3820 345 3912 παρὰ
361 3821 418 3891 τόν
434 3827 517 3908 βίον.
