2722 4646
329 232 381 289 IV.
403 234 510 287 ΔΙΚΗ
528 234 794 290 ΦΩΝΗΕΝΤΩΝ
813 235 898 292 1-7.
962 301 967 308 ³
1089 224 1131 289 27

95 338 255 428 κισήρεως
271 340 329 405 καλ
344 340 575 428 κεφαλαργίας,
597 337 673 407 οῦδὲ
685 337 723 406 τὸ
737 340 852 426 γάμμα
864 348 911 429 τῳ
924 341 1045 410 κάππα
1059 341 1131 429 διη-

93 443 248 532 γωνίζετο
270 443 326 507 καὶ
349 440 382 520 ἒς
402 454 515 529 χεῖρας
535 449 652 530 μικροῦ
677 443 744 510 δεῖν
770 441 885 531 ἤρχετο
907 445 1070 525 πολλάκις
1096 443 1130 512 ἐν

93 552 138 634 τῷ
155 549 308 632 γναφείῳ
326 539 411 631 ὑπὲρ
427 546 637 634 γναφάλλων,
666 543 837 613 ἐπέπαυτο
860 543 891 614 δ’
905 542 945 615 δν
967 549 1024 613 καὶ
1043 545 1130 635 πρὸς

92 647 131 716 τὸ
146 647 287 733 λάμβδα
303 648 487 732 μαχόμενον
504 644 543 714 τὸ
561 648 660 734 μόγις
681 644 926 736 άφαιροῦμενον
949 646 1051 717 αὐτοῦ
1073 651 1131 717 καλ

91 750 243 837 μάλιστα
260 752 500 834 παρακλέπτον,
525 753 581 817 καλ
597 748 639 817 τὰ
657 747 761 817 λοιπὰ
780 747 810 817 δ’
823 745 864 817 δν
880 746 995 839 ἠρέμει
1012 753 1131 840 ουγχῦ·

92 877 179 932 σεως
197 846 366 936 δι’ρχεοθαι
381 853 593 941 παρανόμου·
611 849 711 920 καλὸν
728 850 791 943 γδιρ
805 851 942 923 ἕκαστον
953 858 1061 937 μένειν
1075 850 1127 943 ἐφ’

90 945 130 1043 ής
158 954 317 1041 τετύχηκε
340 954 480 1037 τάξεως·
510 952 549 1023 τὸ
578 955 615 1022 δὲ
640 952 850 1044 ὑπερβαίνειν
876 955 924 1035 εἷς
950 953 973 1022 5
997 953 1042 1044 μὴ
1067 953 1129 1044 χρή

91 1056 233 1137 λύοντός
250 1054 322 1124 ἐστι
337 1054 377 1124 τὸ
396 1058 532 1126 δίκαιον.
567 1059 623 1125 καλ
640 1052 660 1124 5¹
676 1081 713 1144 γε
730 1062 864 1145 πρώτος
880 1053 958 1148 ήμίν
979 1054 1058 1137 τοὺς
1074 1057 1163 1130 νό-ιὶ

90 1185 177 1246 μους
194 1159 335 1239 τούτους
352 1160 581 1242 διατυπώσας,
605 1159 671 1227 εἴτε
688 1160 824 1245 Κάδμος
841 1156 860 1228 5
881 1160 1044 1248 νησιώτης
1062 1159 1128 1228 ε’ίτε

91 1261 299 1350 Παλαμήδης
317 1257 335 1331 5
353 1265 528 1331 Ναυπλίου
546 1302 589 1313 -
605 1265 661 1330 καλ
677 1264 845 1352 Σιμωνίδη
863 1263 900 1331 δὲ
922 1261 1005 1332 ἔνιοι
1021 1285 1129 1387 προσ·

92 1364 244 1432 άπτουσι
260 1361 320 1454 τήν
336 1366 547 1454 προμήθειαν
565 1365 745 1454 ταῦτην-
749 1362 825 1447 ,οῦ
843 1371 884 1455 τῇ
906 1367 999 1448 τάξει
1015 1366 1125 1451 μόνον,

9 1540 11 1547 ,
91 1463 224 1554 καθ’ήν
241 1465 278 1533 αλ
294 1468 470 1557 προεδρίαι
485 1472 712 1553 βεβαιοῦνται,
740 1417 914 1595 διώρισαγ,
941 1474 976 1536 τί
992 1476 1127 1594 πρώτον

9 1568 11 1571 ’
93 1569 191 1638 εσται
208 1596 229 1658 η
213 1563 414 1654 δεύτερον,
434 1567 518 1637 ἀλλὰ
534 1573 591 1636 καὶ
608 1571 804 1657 ποιότητας,
824 1569 865 1650 ἃς
882 1570 1017 1639 ἕκαστον
1033 1568 1127 1660 ήμών

94 1671 177 1756 ἔχει,
205 1672 262 1738 καλ
279 1670 433 1756 δυνάμεις
451 1673 608 1740 συνεῖδον.
644 1673 701 1739 καὶ
717 1670 736 1739 5
737 1685 794 1757 μῑν
810 1673 883 1757 μὲν,
913 1663 939 1739 ώ
964 1674 1126 1756 δικασται,

9 1862 10 1865 ¹
92 1771 154 1863 τὴν
169 1773 273 1859 μείζω
293 1773 457 1842 δεδώκασι
473 1772 579 1861 τιμὴν,
599 1769 653 1841 ότι
669 1773 747 1842 καθ’
760 1770 844 1842 αότα
829 1773 1005 1843 δύνασθε
1019 1782 1128 1865 φθέγ-

95 1883 237 1966 γεσθαι,
259 1871 447 1965 ἡμιφώνοις
464 1877 501 1944 δὲ
518 1873 575 1963 τὴν
593 1874 724 1965 ἐφεξῆς,
749 1872 803 1943 ὅτι
819 1877 1015 1965 προσθήκης
1037 1877 1071 1956 ές
1087 1876 1126 1946 τὸ

96 1976 304 2067 ἀκουσθῆναι
315 1979 438 2046 δεῖται·
455 1984 574 2047 ποιοών
589 1979 625 2046 δὲ
638 1976 774 2102 ἐσχάτην
788 1977 975 2063 δνόμιοαν”
956 2004 1039 2061 εχειν
1051 1991 1129 2064 μοῖ-

94 2107 157 2168 ραν
165 2079 330 2149 όννέατών
342 2079 486 2162 πάντων,
505 2078 558 2161 οἶς
571 2077 647 2151 οῦδὲ
660 2079 754 2205 φωγὴ
767 2105 930 2172 προσεοτι
940 2078 1017 2149 καθ
1029 2077 1124 2149 αῦτά.

94 2181 216 2269 τὰμὲν
235 2173 293 2251 οὖν
310 2182 480 2271 φωνήεντα
502 2182 724 2271 φυλάσσειν”
706 2208 791 2252 εοικε
811 2181 890 2263 τοῦς
906 2183 1028 2270 νόμους
1048 2182 1127 2251 τοό-

94 2311 184 2367 τους.
219 2283 316 2354 τοδέ
330 2291 447 2374 γετοῦ
464 2292 576 2368 τοῦτο,
597 2281 635 2354 οῦ
645 2284 715 2411 γὰρ
734 2285 796 2370 έχω
812 2294 935 2375 χείρονι
953 2281 1033 2354 αῦτδ
1053 2282 1160 2358 ὀνο-6

92 2388 203 2475 μάοαι
221 2382 382 2479 ῥήματι
360 2414 380 2476 η
399 2415 427 2476 ῳ
412 2377 653 2471 τακαλεῖται,
636 2413 654 2456 ο
671 2387 721 2474 μὰ
737 2387 815 2470 τοὺς
832 2387 948 2472 θεοὺς,
977 2387 1067 2457 εἰ
977 2413 1073 2479 εμη
1092 2389 1129 2471 ἐξ

93 2488 189 2571 ῦμιῦν
206 2491 266 2559 δύο
285 2492 449 2660 συνήλθον
468 2486 593 2576 ἀγαθοὶ
607 2491 662 2559 καὶ
674 2491 875 2614 καθήκηντες
892 2486 1067 2579 ὁραθῆναι,
1085 2491 1125 2560 τό

93 2618 133 2663 τε.
149 2589 245 2683 άλφα
261 2594 318 2661 καί
333 2583 425 2675 555,
453 2588 511 2660 οῦκ
529 2588 570 2659 δν
586 2589 737 2680 ήκοόσθη
754 2593 869 2677 μόνον,
898 2598 997 2660 τοῦτο
1018 2598 1127 2662 τοίνυν

94 2695 275 2783 έτολμησεν
283 2692 407 2764 αδικειν
414 2720 457 2781 με
465 2697 544 2763 πλε
531 2700 570 2762 ίω
584 2700 650 2762 τών
662 2693 804 2763 πώποτε
814 2692 1069 2780 βιασαμένων,
1052 2720 1127 2763 ονο-

92 2798 211 2885 μάτων
227 2799 287 2883 μέν
303 2822 361 2865 ναι
348 2789 530 2886 ῥημάτων
542 2793 713 2864 ἀπελάσαι
705 2796 899 2921 πατρῴων,
919 2796 1072 2880 ἐκδιῶξαι
1089 2799 1126 2867 δλ

94 2898 181 2987 ὁμου
165 2895 433 2987 ”“συνδέσμων
410 2924 480 2983 αμα
497 2901 553 2968 καλ
569 2904 781 2989 προθέσεων,
810 2895 856 2980 ὥς
876 2905 992 2987 μηκέτι
1013 2906 1125 2989 φέρειν

93 3001 153 3092 τὴν
172 3000 311 3072 έκτοπον
327 3003 532 3082 πλεονεξίαν·
555 2997 636 3070 ὅθεν
655 3002 691 3070 δέ
708 3004 763 3069 καλ
781 2998 850 3071 άπὸ
867 3009 965 3071 τίνων
984 2999 1126 3091 άρξάμε·

92 3131 165 3188 νον,
189 3100 262 3193 ώρα
278 3107 392 3190 λέγειν.
427 3101 611 3191 ἐπεδήμουν
628 3104 712 3171 ποτέ
728 3107 864 3192 Κυβέλῳ
881 3143 925 3155 -
941 3102 981 3173 τὸ
999 3105 1037 3172 δέ
1054 3103 1125 3174 ίοτι
1143 3131 1159 3179 ι

92 3210 267 3291 πολίχνιον
275 3204 334 3276 οῦκ
342 3202 448 3294 ἀηδές,
468 3203 619 3288 ἄποικον,
639 3203 875 3295 ώςόχειλόγος,
891 3204 1126 3295 Ἀθηναίων*
1154 3206 1157 3213 ’

94 3309 265 3400 ἐπηγόμην
280 3310 318 3378 δὲ
334 3311 391 3378 καλ
406 3305 445 3377 τὸ
458 3309 632 3398 κράτιστον
645 3311 703 3399 ρώ,
721 3310 876 3397 γειτόνων
887 3308 926 3378 τὸ
938 3313 1125 3397 βέλτιστον·

93 3413 282 3501 κατηγόμην
304 3412 340 3481 δέ
361 3409 455 3501 παρὰ
475 3413 657 3499 κωμῳδιῶν
677 3437 744 3480 τινι
769 3419 906 3502 ποιητῇ,
932 3417 1125 3496 Λυσίμαχος

95 3513 254 3596 ἐκαλεῖτο,
271 3514 437 3594 Βοιώτιος
452 3515 521 3598 μὲν,
540 3510 586 3592 ώς
603 3511 770 3601 ἐφαίνετο,
788 3512 827 3583 τὸ
844 3520 936 3601 γένος
954 3511 1123 3597 ἀνέκαθεν,

93 3614 165 3686 ἀπὸ
182 3623 287 3704 μέσης
304 3617 347 3686 δέ
357 3613 458 3698 άξιών
476 3618 635 3700 λέγεσθαί
650 3622 710 3705 τῆς
723 3612 882 3705 ν’ίττικής·
905 3613 999 3704 παρὰ
1016 3615 1124 3704 τούτῳ

94 3717 135 3809 δή
160 3726 210 3809 τῷ
236 3721 317 3808 ξένῳ
342 3716 401 3807 τὴν
425 3722 484 3785 τοῦ
505 3723 568 3784 ταῦ
589 3719 708 3787 τοῦτου
729 3720 922 3799 πλεονεξίαν
949 3717 1125 3808 ἐφώρασα·

92 3823 256 3911 μίχριμίν
268 3819 331 3912 γὰρ
340 3817 466 3908 ὀλίγοις
478 3817 649 3907 ἐπεχείρει,
666 3824 808 3909 τέτταρα
819 3824 874 3893 καὶ
886 3820 1125 3910 τετταράκοντα

92 3927 198 4014 λέγειν
216 3921 345 4007 ἀξιοῦν,
364 3922 414 3993 ότι
424 3924 469 3993 ,δὲ
484 3922 624 4010 τήμερον
640 3924 696 3991 καλ
712 3920 754 3990 τὰ
771 3919 873 4009 όμοια
891 3921 1132 4010 ἐπισπώμενον,

93 4028 277 4116 συνήθειαν
301 4022 393 4116 ᾤμην
417 4028 475 4094 καλ
500 4021 611 4094 οἰστὸν
636 4014 675 4115 ἦν
694 4050 754 4113 μοι
774 4024 820 4115 τὸ,
836 4023 986 4114 άκουσμα
1006 4030 1062 4097 καλ
1084 4024 1136 4095 οῦ,
