2722 4646
221 253 273 349 6Ι
587 258 843 317 1101111Νο11
901 310 906 317 .

221 374 281 439 τού
302 370 428 437 πολλοῦ
450 366 554 456 δήμου
578 363 639 447 εἷς,
673 362 726 432 ἀεὶ
746 362 803 435 τὸν
819 359 1006 453 προύχοντα
1027 358 1256 454 ὑποπτήσσων

222 469 351 539 καὶτὸν
369 472 471 558 λέγειν
490 469 665 554 δυνάμενον
683 468 895 557 θεραπεύων,
919 463 1008 554 λαγὼ
1026 472 1099 553 βίον
1117 467 1181 550 ζῶν
1197 470 1257 536 καλ

181 584 189 599 ‘
222 580 283 642 τοῦ
305 579 488 663 κρείττονος
510 571 645 659 ἕρμαιον
667 565 727 637 ἀν·
763 568 794 638 εί
812 570 848 638 δὲ
870 571 927 636 καὶ
949 570 1083 649 Φειδίας
1107 564 1255 657 ἢΠολύ·

222 679 350 755 κλειτος
366 681 473 763 γένοιο
490 678 547 741 καί
562 669 746 760 θαυμαστὰ
762 671 871 740 πολλὰ
888 670 1095 760 ἐξεργάσαιο,
1119 670 1177 760 τήν
1194 673 1256 758 μἐν

141 830 146 839 .
222 783 334 867 τέχνην
352 773 496 857 άπαντες
515 777 757 855 ἐπαινέσονται,
778 769 836 841 ούκ
848 773 919 842 ’ἐστι
932 775 968 842 δὲ
982 770 1075 855 ὅστις
1085 780 1152 842 τῶν
1166 773 1256 842 ἰδόν-

222 907 301 965 των,
329 881 359 949 εἰ
376 887 450 949 νοῦν
468 879 549 962 ἐ’χοι,
578 873 696 960 εάξαιδ
712 873 752 945 ἀν
770 872 886 962 όμοιός
908 899 963 945 σοι
983 881 1155 964 γενέσθαι·
1183 874 1256 957 οἶος

222 980 285 1072 γὰρ
308 980 348 1050 ἀν
369 974 421 1074 ᾖς,
447 981 614 1068 βάναυσος
634 983 691 1047 καὶ
710 981 872 1067 χειρῶναξ
890 982 947 1046 καί
973 975 1256 1068 ἀποχειροβίωτος

173 1108 207 1160 1ο
223 1088 422 1175 νομισθήσῃ.
467 1080 506 1173 ἢν
529 1082 560 1151 δ’
578 1083 652 1168 ἐμοὶ
677 1089 797 1172 πείθῃ,
824 1088 958 1171 πρῶτον
982 1087 1042 1167 μέν
1063 1106 1119 1150 σοι
1144 1080 1255 1150 πολλὰ

224 1187 378 1269 ἐπιδείξω
397 1189 549 1254 παλαιῶν
567 1183 695 1276 ἀνδρῶν
713 1185 791 1273 ἔργα
810 1188 867 1252 καί
884 1184 1022 1274 πράξεις
1043 1183 1253 1270 θαυμαστὰς,
1305 1206 1311 1223 ·

222 1292 279 1358 καὶ
299 1290 416 1376 λόγους
439 1286 547 1357 αάτιῦν
570 1286 822 1377 ἀπαγγέλλουσα
841 1289 897 1355 καί
923 1286 1057 1356 πάντων
1079 1284 1126 1367 ὥς
1146 1286 1256 1355 εἰπεῖν

223 1392 379 1481 ’ἔμπειρον
397 1389 646 1480 ἀποφαίνουσα,
666 1394 721 1458 καὶ
738 1389 796 1478 τήν
812 1388 933 1479 ψυχήν,
953 1386 1037 1479 ὅπερ
1056 1413 1116 1458 σου
1133 1389 1262 1477 κυριιό-·

221 1494 321 1562 τατύν
344 1492 428 1574 ἐστι,
456 1494 694 1581 κατακοσμήσω
721 1496 860 1573 πολλοῖς
883 1496 940 1560 καί
961 1489 1106 1587 ἀγαθοῖς
1131 1492 1257 1578 κοσμή-

221 1620 318 1681 μασι,
338 1597 550 1686 σωφροσύνῃ,
570 1595 773 1685 δικαιοσύνῃ,
793 1592 959 1684 εύσεβείη,
974 1594 1155 1684 πραότητι,
1179 1593 1256 1663 ἐπι-
1303 1670 1306 1674 ,

222 1704 338 1788 εικείρι,
358 1704 501 1779 συνέσει,
519 1704 688 1788 καρτερίᾳ,
707 1705 754 1786 τῷ
772 1704 838 1764 τιῦν
854 1700 962 1764 καλῶν
979 1696 1092 1787 ἔρωτι,
1111 1702 1150 1786 τῇ
1167 1693 1255 1784 πρὸς

221 1799 264 1868 τὰ
286 1801 471 1886 σεμνότατα
493 1797 594 1891 ὁρμῇ·
619 1807 725 1868 ταῦτα
737 1800 808 1887 ιγάρ
831 1797 919 1867 ἐστιν
937 1796 955 1866 δ
973 1807 1031 1888 τῆς
1048 1804 1157 1887 ψυχῆς
1174 1795 1256 1885 ἀκή-
1350 1820 1351 1825 ’

221 1928 321 1987 ρατος
332 1899 378 1982 ὡς
392 1900 529 1990 ἀληθῶς
540 1905 673 1988 κόσμος.
705 1903 798 1991 λήσει
811 1904 849 1969 δέ
861 1926 899 1968 σε
912 1897 988 1969 ούτε
1002 1899 1145 1969 παλαιὸν
1157 1896 1255 1968 ούδὲν
1350 1898 1351 1951 3

223 2001 298 2073 ούτε
315 2012 371 2073 νῦν
388 2011 546 2093 γενέσθαι
569 2006 656 2085 δέον,
686 2002 842 2072 ἀλλὰκαὶ
862 2002 906 2072 τὰ
926 2007 1086 2090 μέλλοντα
1103 2003 1255 2093 προόψει

220 2105 289 2192 μετ’
306 2106 399 2193 ἐμοῦ,
418 2111 475 2175 καὶ
492 2103 578 2186 ὅλως
595 2104 741 2188 ἅπαντα,
765 2103 878 2175 ὁπόσα
896 2105 980 2188 ἔστί,
999 2108 1041 2175 τά
1058 2133 1095 2174 τε
1111 2114 1193 2174 θεῖα
1209 2106 1255 2173 τά
1343 2134 1348 2157 ¹

142 2280 148 2295 ,
174 2232 204 2280 11
223 2208 250 2277 τ’
267 2207 480 2299 ἀνθρώπινα,
509 2206 567 2277 ούκ
589 2208 623 2289 ἐς
644 2209 771 2298 μακράν
793 2234 831 2277 σε
853 2211 1040 2295 διδάξομαι.
1083 2212 1139 2277 καί
1161 2205 1255 2277 δνῦν
1343 2194 1347 2205 ’

221 2318 324 2400 πένης
346 2309 364 2379 δ
386 2318 446 2379 τοῦ
468 2313 588 2394 δεῖνος,
618 2308 636 2378 δ
658 2312 920 2398 βουλευσάμενός
941 2339 975 2380 τι
1000 2313 1080 2398 περὶ
1102 2307 1254 2398 ἀγεννοῦς

159 2427 165 2440 “
222 2410 308 2482 ούτω
330 2419 454 2503 τέχνης,
481 2412 549 2499 μετ’
566 2411 675 2501 ὀλίγον
693 2410 802 2483 άπασι
824 2412 967 2503 ζηλωτὸς
987 2416 1044 2481 καί
1065 2412 1254 2502 ἐπίφθονος

222 2516 294 2605 ἔσῃ,
321 2518 506 2602 τιμώμενος
526 2519 582 2583 καὶ
605 2516 839 2602 ἐπαινούμενος
860 2520 914 2584 καλ
937 2516 995 2585 ἀεὶ
1014 2528 1087 2597 τοῖς
1104 2511 1254 2604 ἀρίστοις

221 2615 402 2702 εὐδοκιμῶν
429 2623 484 2686 καί
510 2617 578 2688 ἀπὸ
604 2625 671 2687 τῶν
696 2623 782 2707 γένει
805 2623 862 2686 καὶ
883 2620 1018 2706 πλούτῳ
1041 2615 1253 2708 προύχόντων

221 2717 506 2806 ἀποβλεπόμενος,
540 2723 669 2811 ἐσθῆτα
689 2723 748 2807 μὲν
773 2721 927 2808 τοιαύτην
949 2720 1190 2807 ἀμπεχόμενος,
1208 2760 1254 2770 ·-

221 2823 357 2902 δείξασα
374 2820 432 2909 τήν
450 2822 582 2910 ἑαυτῆς·
616 2824 705 2891 πάνυ
729 2824 764 2891 δὲ
786 2821 939 2913 λαμπρὰν
957 2822 1073 2915 ἐφόρει
1091 2862 1131 2875 -
1151 2822 1252 2914 ἀρχῆς

222 2924 258 2990 δὲ
279 2925 335 2990 καί
356 2925 537 3009 προεδρίας
558 2922 765 3010 ἀξιούμενος·
795 2922 855 2993 κάν
877 2948 939 2993 ποι
961 2924 1147 3015 ἀποδημῇς,
1177 2924 1249 2995 οὐδ’

221 3024 280 3092 ἐπὶ
299 3032 358 3114 τῆς
381 3022 571 3114 ἀλλοδαπῆς
594 3025 700 3115 ἀγνὼς
716 3030 782 3123 κοίῃ
794 3025 924 3116 ἀφανὴς
940 3028 1013 3116 ἔσῃ·
1039 3029 1177 3097 τοιαύτά
1196 3054 1252 3098 σοι

220 3129 398 3217 περιθήσω
424 3127 466 3195 τά
492 3137 716 3218 γνωρίσματα,
745 3125 831 3197 δι’στε
851 3135 917 3196 τῶν
940 3127 1091 3216 δρώντων
1115 3130 1251 3211 ἕκαστος

220 3228 278 3298 τὸν
290 3233 431 3319 πλησίον
445 3233 579 3320 κινήσας
592 3233 692 3314 δείξει
705 3257 743 3300 σε
755 3238 802 3320 τῷ
817 3232 965 3320 δακτύλῳ
976 3223 1249 3317 ((οὗτοςύκεῖνοέ

171 3355 202 3404 12
221 3335 331 3420 λέγων.
375 3330 414 3421 ἢν
433 3334 520 3402 δέτι
538 3335 687 3422 σπουδῆς
704 3331 795 3417 ἀξιον
811 3324 832 3425 ᾗ
850 3337 906 3402 καὶ
925 3332 1005 3417 τοὺς
1022 3339 1140 3425 φίλους
1156 3332 1178 3424 ἢ
1195 3338 1252 3405 καί

219 3433 277 3523 τὴν
294 3436 393 3504 πόλιν
412 3432 489 3524 ὅλην
506 3436 752 3525 καταλαμβάνῃ,
789 3435 822 3517 ἒς
844 3437 881 3505 σὲ
898 3438 1021 3520 πάντες
1039 3436 1251 3525 ἀποβλέψονι

218 3562 286 3605 ται.
321 3534 381 3607 κάν
398 3539 464 3605 πού
483 3565 517 3605 τι
533 3541 634 3625 λέγων
650 3539 761 3627 τύχῃς,
780 3540 948 3627 κεχηνότες
965 3541 998 3609 οί
1014 3543 1134 3609 πολλοὶ
1152 3536 1251 3609 ἀκού-

135 3702 138 3709 .
221 3664 348 3723 σονται,
376 3640 604 3724 θαυμάζοντες
624 3643 680 3708 καί
702 3638 981 3729 εὐδαιμονίζοντές
1003 3666 1040 3712 σε
1060 3648 1127 3712 τῶν
1143 3641 1250 3729 λόγων
1330 3662 1335 3671 ·

219 3750 278 3832 τῆς
296 3743 465 3828 δυνάμεως
481 3746 537 3810 καὶ
552 3741 609 3811 τὸν
626 3749 755 3831 πατέρα
767 3750 826 3834 τής
839 3742 1035 3832 εὐποτμίας·
1053 3745 1072 3814 ὃ
1087 3747 1124 3814 δὲ
1136 3750 1250 3833 λόγου·

221 3871 288 3929 σιν,
309 3843 354 3927 ὥς
372 3841 437 3935 ἀρα
453 3848 508 3914 καὶ
528 3842 695 3914 ἀθάνατοί
710 3872 795 3928 τινες
811 3853 975 3936 γίγνονται
993 3846 1030 3930 ίξ
1045 3845 1245 3937 ἀνθρώπων,

219 3947 318 4017 τοῦτό
347 3971 402 4014 σοι
427 3948 655 4039 περιποιήσω·
689 3952 745 4018 καὶ
766 3947 828 4039 γάρ
850 3946 889 4040 ήν
915 3947 1015 4031 αὐτὸς
1037 3949 1073 4018 ἐκ
1092 3956 1152 4018 τού
1168 3943 1244 4037 βίον

221 4048 387 4142 ἀπέλθῃς,
416 4045 539 4119 ούποτε
555 4052 668 4143 παύσῃ
688 4050 792 4121 συνὼν
810 4064 881 4133 τοῖς
897 4054 1176 4140 πεπαιδευμένοις
1192 4056 1248 4121 καὶ
