2752 4632
387 232 440 290 x1.
461 232 810 289 κακκοωωοτετε
832 235 916 291 ο-ε.
1103 222 1168 293 163
1221 236 1225 241 ’

127 339 219 423 δίοις
232 338 290 407 καί
307 340 420 429 σκίλλῃ
436 340 493 406 καλ
510 335 624 420 ἄλλοις
640 341 792 408 πλείοσιν
805 335 876 424 άμα
889 343 943 409 καὶ
957 338 1015 432 τὴν
1033 340 1164 435 ἐπῳδὴν

128 440 252 530 ἐκείνην
273 438 562 529 ύποτονθορύσας,
590 439 663 510 εἶτα
685 438 763 509 δλον
778 469 821 529 με
837 447 1088 535 καταμαγεύσας
1108 452 1164 516 καλ

126 540 328 634 περιελθὼν,
347 543 402 612 λ’να
413 542 459 634 μὴ
471 548 680 633 βλαπτοίμην
693 543 760 613 ύπὸ
773 553 839 614 τῶν
852 550 1047 635 φασμάτων,
1063 548 1167 619 ἐπαν·

126 647 202 735 άγει
220 645 254 727 ἐς
271 644 329 736 τὴν
347 645 465 729 οἰκίαν,
496 643 542 726 ὥς
560 643 659 730 εἶχον,
684 645 940 733 ἀναποδίζοντα,
963 650 1076 720 καὶτὸ
1094 654 1164 721 λοι-
1268 710 1273 715 .

125 747 194 820 πὸν
220 745 308 837 ἀμφὶ
335 751 441 818 πλοῦν
468 750 605 835 ε’ίχομεν.
642 747 740 831 οὗτὸς
765 754 824 838 μὲν
850 744 908 820 ούν
929 754 1067 843 μαγικήν
1089 774 1197 823 τιναε

127 850 221 920 ἐνέδυ
240 849 359 940 στολὴν
375 850 418 920 τά
435 851 545 919 πολλά
564 851 708 920 ἐοικυῖαν
725 860 766 944 τῇ
782 856 924 945 Μηδικῇ,
954 854 1011 941 ἐμὲ
1029 856 1066 923 δέ
1086 881 1165 923 του-

125 957 217 1022 τοισὶ
232 959 343 1044 φέρων
356 952 553 1037 ἐνεσκεύασε,
569 963 617 1043 τῴ
635 960 723 1044 πίλῳ
737 961 793 1024 καὶ
806 964 846 1047 τῇ
859 960 973 1048 λεοντῇ
988 960 1044 1025 καὶ
1056 982 1164 1046 προσ-

126 1062 178 1125 έτι
194 1063 235 1147 τῇ
253 1057 350 1146 λύρη,
378 1059 433 1123 καὶ
455 1058 734 1144 παρεκελεύσατο,
762 1056 801 1148 ἥν
822 1084 873 1141 τις
892 1058 1006 1149 ἐ’ρηταί
1025 1086 1067 1147 με
1084 1058 1164 1128 τού-

125 1185 227 1245 νομα,
245 1164 420 1228 Μένιππον
437 1161 496 1244 μὲν
512 1158 558 1248 μὴ
576 1163 692 1249 λέγειν,
709 1158 865 1251 Ἡρακλέα
883 1163 919 1230 δέ
936 1159 1162 1253 ἢὈδυσσέαῆ

124 1262 251 1356 Ὀρφέα.

179 1381 255 1436 ΦΙΛ.
286 1360 335 1444 Ὦς
354 1362 393 1453 δὴ
410 1371 446 1432 τί
461 1371 575 1447 τοῦτο,
595 1355 624 1431 ὦ
634 1371 803 1452 Μένιππες
822 1364 860 1435 ού
877 1364 941 1459 γάρ
955 1373 1087 1458 συνίημι
1103 1366 1162 1459 τὴν

126 1468 238 1537 αἰτίαν
256 1463 331 1535 ούτε
348 1474 408 1534 τοῦ
426 1470 593 1556 σχήματος
611 1465 686 1536 ούτε
702 1476 769 1537 τῶν
787 1467 967 1556 ὀνομάτων.

177 1585 267 1642 ΜΕΝ.
302 1573 370 1638 Καὶ
394 1568 457 1659 μὴν
478 1570 645 1658 πρόδηλον
666 1571 765 1639 τοῦτό
777 1598 824 1672 γε
845 1575 903 1640 καὶ
927 1570 965 1640 ού
990 1575 1162 1653 παντελῶς

125 1669 331 1762 άπόρρητον·
360 1672 434 1741 ἐπεὶ
454 1670 517 1762 γὰρ
540 1663 634 1740 ούτοι
655 1671 722 1762 πρὸ
745 1670 837 1761 ἡμῶν
859 1674 978 1756 ζιῦντες
998 1676 1046 1757 είς
1069 1671 1160 1770 ιλίδου

123 1776 406 1863 κατεληλύθεσαν,
434 1773 558 1863 ἡγεῖτο,
588 1776 622 1842 εί
642 1801 685 1860 με
708 1772 918 1844 ἀπεικάσειεν
940 1776 1068 1859 αὐτοῖς,
1101 1780 1162 1868 ῥηι-

125 1882 207 1959 δίως
225 1876 265 1945 ἂν
281 1878 339 1966 τὴν
355 1887 415 1946 τοῦ
437 1879 566 1948 Αἰακοῦ
589 1875 736 1969 φρουράν
758 1879 934 1947 διαλαθεῖν
955 1883 1011 1948 καὶ
1034 1880 1161 1948 άκωλύ-

122 2007 192 2062 τως
209 1985 392 2071 παρελθεῖν
415 1979 473 2049 άτε
496 1988 735 2071 συνηθέστερον
756 1986 919 2070 τραγικῶς
938 1982 1029 2067 μάλα
1050 2008 1161 2072 παρα-

124 2086 340 2169 πεμπόμενον
362 2082 429 2152 ύπδ
456 2092 516 2152 τοῦ
543 2085 718 2173 σχήματος.
758 2081 820 2174 ἤδη
849 2082 880 2153 δ’
898 2074 953 2152 ούν
979 2080 1193 2173 ύπέφαινενε

122 2183 244 2275 ἡμέρα,
271 2191 327 2254 καὶ
344 2188 560 2268 κατελθόντες
579 2187 635 2256 ἐπὶ
653 2187 710 2255 τὸν
727 2184 879 2274 ποταμὸν
896 2189 975 2277 περὶ
993 2182 1162 2275 άναγωγὴν

125 2287 341 2378 ἐγιγνόμεθα·
364 2293 612 2378 παρεσκεύαστο
632 2289 663 2359 δ’
676 2287 766 2379 αύτῷ
778 2292 833 2358 καλ
847 2290 975 2380 σκάφος
988 2292 1043 2357 καὶ
1058 2289 1160 2378 ἱερεῖα

123 2395 181 2459 καὶ
202 2394 395 2478 μελίκρατον
417 2397 473 2460 καὶ
495 2390 563 2460 ἀλλ’
578 2390 645 2462 όσα
666 2380 761 2483 πρὸς
774 2393 832 2483 τὴν
852 2390 982 2482 τελετὴν
1002 2393 1158 2480 χρήσιμα.

124 2494 344 2580 ἐμβαλόμενοι
370 2486 427 2563 οὖν
454 2492 587 2563 ἅπαντα
615 2496 657 2563 τὰ
683 2502 974 2585 παρεσκευασμένα
1006 2491 1091 2563 ούτω
1119 2495 1158 2583 δὴ

122 2601 180 2666 καὶ
197 2595 293 2665 αύτολ
1186 2604 1189 2610 ’

209 2706 364 2785 βαίνομεν
382 2696 566 2787 ἀχνύμενοι,
586 2700 731 2791 θαλερὸν
748 2698 832 2768 κατὰ
851 2700 951 2787 δάκρυ
968 2704 1106 2783 χέοντες.

121 2805 180 2871 καὶ
201 2808 296 2890 μέχρι
317 2808 376 2888 μέν
396 2829 486 2884 τινος
507 2801 751 2893 ὑπεφερόμεθα
778 2804 810 2871 ἐν
832 2808 880 2891 τῷ
902 2807 1057 2890 ποταμηλ,
1087 2795 1160 2867 εἶτα

123 2903 156 2974 δ’
170 2906 426 2990 εἰσεπλεύσαμεν
445 2905 478 2986 ἐς
495 2904 533 2974 τὸ
554 2906 627 2986 ἕλος
644 2911 699 2973 καὶ
716 2906 773 2995 τὴν
792 2910 917 2994 λίμνην,
938 2906 985 2985 είς
1003 2904 1041 2994 ἢν
1060 2899 1160 2971 δΕύ-

122 3009 254 3100 φράτης
279 3005 489 3096 άφανίζεται·
516 3014 763 3096 περαιωθέντες
790 3009 825 3076 δέ
851 3013 906 3077 καί
930 3009 1052 3095 ταύτην
1078 3002 1159 3096 άφι-
1254 3071 1260 3077 ,

120 3111 293 3195 κνούμεθα
320 3108 353 3192 ἐς
378 3138 411 3179 τι
431 3116 552 3200 χωρίον
574 3111 693 3200 ἐρημσυ
715 3109 915 3191 καὶ,ύλτόδες
937 3115 992 3178 καὶ
1015 3108 1156 3199 άνήλιου,

122 3215 174 3293 εἷς
199 3213 217 3281 ό
247 3214 286 3303 δη
314 3212 501 3299 ἀποβάντες
518 3253 560 3263 -
577 3208 687 3302 ἡγεῖτο
716 3216 752 3282 δὲ
779 3212 796 3281 ό
819 3214 1157 3303 Μιθροβαρζάνης-

120 3317 252 3405 βόθρον
278 3341 314 3384 τε
341 3314 544 3406 ὠρυξάμεθα
570 3320 624 3383 καὶ
649 3315 692 3383 τά
718 3320 807 3405 μῆλα
829 3315 1017 3404 ἐσφάξαμεν
1038 3317 1094 3380 καί
1118 3312 1157 3380 τὸ

122 3416 209 3503 αἷμα
234 3421 313 3509 περὶ
339 3417 437 3488 αὐτὸν
464 3419 673 3504 ἐσπείσαμεν.
715 3415 733 3486 δ
761 3420 797 3485 δέ
822 3418 927 3504 μάγος
951 3416 983 3484 ἓν
1009 3414 1158 3501 τοσούτῳ

47 3586 50 3593 ,
123 3522 211 3611 δᾷδα
224 3527 382 3611 καομένην
395 3522 476 3606 έχων
490 3518 592 3591 οὐκέτ’
607 3519 750 3611 ἠρεμαίᾳ
762 3527 802 3610 τῇ
816 3526 923 3610 φωνῇ,
943 3522 1159 3605 παμμέγεθες

123 3625 175 3706 δὲ,
203 3622 250 3706 τίς
267 3623 339 3707 οἷός
355 3650 392 3693 τε
408 3616 459 3714 ἦν,
489 3622 678 3714 ἀνακραγὼν
696 3624 855 3710 δαίμονάς
876 3646 911 3690 τε
930 3619 1013 3707 ὁμοῦ
1032 3621 1160 3700 πάντας

65 3745 70 3749 ’
122 3725 290 3813 ἐπεβοᾶτο
308 3731 364 3796 καὶ
380 3725 504 3808 Ποινὰς
521 3732 576 3795 καὶ
589 3726 751 3814 Ἐρινύας,

209 3833 266 3898 καὶ
282 3837 394 3915 νυχίαν
407 3828 540 3919 Ἑκάτην
556 3834 612 3897 καὶ
630 3829 766 3921 ἐπαινὴν
782 3828 1036 3919 Περσεφόνειαν.

121 3933 331 4025 παραμιγνὺς
349 3930 419 4020 άμα
435 3936 492 4002 καὶ
507 3934 693 4021 βαρβαρικά
709 3960 784 4001 τινα
802 3935 857 3999 καὶ
876 3929 989 4019 άσημα
1011 3926 1158 4014 ὀνόματα

121 4038 180 4106 καλ
205 4037 452 4125 πολυσύλλαβα.
489 4032 593 4117 εὐθὺς
615 4026 672 4104 ούν
695 4032 827 4105 ἅπαντα
854 4033 959 4103 ἐκεῖνα
985 4032 1157 4104 ἐσαλεύετο
1177 4049 1210 4100 10

927 4137 985 4192 11⁸
