2724 4634
286 230 337 287 ωε
358 229 544 289 εαιιιοι
564 230 776 289 Διιιοεοι
797 233 897 290 14.15.
1039 205 1103 290 ‘113

124 353 209 409 ΝΟΤ.
249 340 328 405 Τίνα
344 336 463 424 ταύτην
479 339 597 424 λέγεις,
615 327 645 407 τῦ
662 342 806 427 Ζέφυρε,
828 337 887 427 τὴν
904 338 1100 432 πομπὴνςῆ

76 447 158 520 τίνες
174 441 208 508 οί
225 444 415 525 πέμποντες
431 430 514 527 ἦσαν
519 469 532 522 ,·

122 558 207 615 zm,
239 539 391 611 Ἡδίστου
400 542 572 626 θεάματος
580 539 801 633 ἀπελείφθης,
821 541 960 612 οίονούκ
973 540 1102 613 ἀνάλλο

77 647 158 726 ἴδοις
176 644 238 715 ότι.

122 752 211 811 NOT.
247 749 330 837 Περὶ
338 745 395 835 τὴν
405 743 549 836 ἐρυθρὰν
557 744 618 835 γάρ
627 748 798 815 θάλατταν
808 747 1008 838 εἰργαζόμην,
1028 746 1106 815 έπέ-

76 874 199 919 πνενσα
213 850 252 917 δὲ
265 853 321 917 καὶ
333 854 433 937 μέρος
444 856 502 938 τῆς
512 846 651 937 Ἰνδικῆς,
671 844 736 918 όσα
749 852 899 939 παράλια
911 857 969 939 τῆς
978 852 1104 940 χώρας·

77 949 163 1020 οῦδὲν
182 943 243 1020 οῦν
263 948 340 1019 οῖδα
358 943 403 1019 ών
421 954 536 1038 λέγεις.

123 1069 207 1125 zm.
241 1051 340 1122 Ἀλλὰ
356 1051 414 1121 τὸν
431 1054 590 1123 Σιδώνιον
603 1051 758 1143 Ἀγήνορα
776 1051 899 1138 οἶσθας
990 1091 992 1095 ·

123 1162 211 1219 ΝΟΤ.
248 1162 333 1224 Ναί·
350 1154 408 1224 τὸν
425 1162 483 1244 τῆς
500 1153 666 1246 Εύρώπης
683 1163 821 1245 πατέρα.
857 1163 892 1225 τί
908 1156 988 1245 μὴν,·

123 1265 208 1320 ΖΕΦ.
250 1261 335 1346 Περὶ
354 1256 453 1345 αὐτῆς
471 1258 592 1345 έκείνης
609 1261 808 1348 διηγήσομαί
826 1283 890 1327 σοι.

124 1366 212 1423 NOT.
250 1360 332 1429 Μῶν
350 1357 403 1428 ότι
421 1358 533 1440 όΖεὺς
550 1360 687 1449 έραρτὴς
703 1368 762 1451 τῆς
774 1360 897 1442 παιδός
915 1360 950 1428 ἐκ
962 1363 1088 1429 πολλοῦ
1093 1389 1106 1445 ,·

79 1468 170 1529 τοῦτο
188 1461 253 1552 γὰρ
274 1465 331 1528 καὶ
346 1463 454 1529 πάλαι
471 1459 669 1551 ἠπιστάμην.
792 1496 796 1505 s

126 1570 209 1626 ΖΕΦ.
253 1561 376 1633 Ούκοῦν
393 1562 450 1632 τὸν
466 1566 525 1649 μὲν
543 1565 649 1653 έρωτα
667 1563 781 1648 οἶσθα,
799 1565 842 1633 τά
858 1564 942 1652 μετά
955 1572 1058 1634 ταῦτα
1073 1565 1109 1632 δέ

80 1660 136 1753 ἡόη
155 1662 311 1735 ἀκουσον.
346 1665 443 1753 ἡμὲν
460 1663 607 1757 Εῦρώπη
630 1669 846 1754 κατεληλύθει
869 1668 926 1736 ἐπὶ
947 1666 1004 1756 τὴν
1025 1664 1141 1757 ᾗόναν

81 1767 243 1848 παίζουσα
256 1766 319 1848 τὰς
332 1765 542 1857 ἡλικιώτιδας
555 1773 805 1859 παραλαβοῦσα,
826 1767 935 1850 όΖεῦς
950 1772 985 1837 δὲ
997 1772 1108 1857 ταύρῳ

82 1867 209 1951 εἰκάσας
228 1868 349 1938 ἑαυτὸν
366 1872 557 1953 συνέπαιζεν
575 1867 691 1951 αὐταῖς
707 1872 879 1950 κάλλιστος
897 1873 1109 1959 φαινόμενος·

85 1970 189 2051 λευκός
206 1999 243 2040 τε
261 1971 325 2061 γάρ
343 1964 382 2060 ἦν
401 1969 543 2063 ἀκριβῶς
559 1977 615 2040 καὶ
631 1972 673 2041 τόν
691 1979 809 2062 κέρατα
824 1970 991 2060 εὐκαμπὴς
1003 1976 1058 2040 καὶ
1071 1970 1109 2040 τό

85 2075 206 2158 βλέμμα
224 2071 363 2165 ἡμερας·
383 2074 514 2164 ἐσκίρτα
532 2067 659 2143 οὖνκαὶ
678 2073 776 2155 αύτδς
794 2074 851 2143 ἐπὶ
868 2082 926 2164 τῆς
942 2073 1039 2164 Ιἡόνσς
1055 2077 1111 2142 καί

83 2171 219 2257 δμυκάτο
238 2176 390 2267 ἥδιστον,
416 2173 502 2245 ὥστε
517 2177 575 2266 τὴν
592 2176 758 2266 Εὐρώπην
774 2181 937 2266 τολμῆσαι
958 2180 1014 2244 καὶ
1032 2175 1111 2243 ἀνα-

86 2280 175 2363 βῆναι
193 2277 307 2347 αὐτόν.
344 2277 390 2359 ώς
408 2280 444 2347 δὲ
460 2287 559 2348 τοῦτο
578 2279 715 2368 ἐγένετο,
741 2282 899 2370 δρομαῖος
916 2282 975 2365 μὲν
994 2277 1012 2348 ό
1030 2277 1112 2358 Ζεὺς

87 2372 230 2468 ὥρμησεν
249 2381 311 2448 ἐπὶ
326 2380 384 2469 τὴν
401 2383 572 2450 θάλατταν
591 2389 700 2471 φέρων
718 2381 818 2471 αότὴν
834 2386 890 2450 καὶ
908 2382 1037 2470 ἐνήχετο
1056 2381 1113 2466 ίμ-

88 2482 205 2566 πεσών,
233 2482 255 2574 ἡ
282 2484 318 2551 δὲ
339 2484 426 2551 πάνυ
450 2483 617 2572 ἐκπλαγὴς·
632 2492 679 2572 τῷ
702 2486 872 2574 πράγματι
892 2491 932 2573 τῇ
955 2487 1033 2571 λαιᾷ
1054 2485 1112 2567 μέν

89 2581 185 2664 ε’ίχετο
211 2593 276 2654 τοῦ
302 2592 449 2672 κέρατος,
479 2584 524 2666 ώς
549 2588 593 2675 μὴ
617 2584 858 2668 ἀπολισθάνοι,
885 2593 926 2675 τῇ
953 2586 1048 2675 έτέρρ
1077 2587 1113 2652 δὲ

91 2678 290 2774 ἠνεμωμένον
306 2686 364 2756 τόν
381 2691 509 2756 πέπλον
528 2702 680 2771 συνεῖχεν.

135 2803 220 2862 ΝΟΤ.
253 2788 331 2859 Ἡδῦ
349 2798 447 2858 τοῦτο
465 2797 579 2876 θέαμα
597 2788 695 2872 εἶδες,
715 2782 743 2858 ὦ
760 2796 902 2880 Ζέφυρε,
926 2792 981 2858 καὶ
1000 2789 1148 2880 ἔρωτι-κ
1276 2793 1280 2801 ’

90 2886 150 2972 κδν,
168 2894 345 2982 νηχόμενον
361 2891 418 2960 τόν
436 2900 501 2961 Δία
518 2899 661 2983 φέροντα
678 2894 735 2983 τὴν
753 2891 981 2982 ἀγαπωμένην.

139 3008 219 3065 ΖΕΦ.
260 2999 328 3063 Καὶ
349 2993 412 3083 μὴν
432 2994 475 3063 τὰ
495 2996 578 3081 μετὰ
600 3004 703 3064 ταῦτα
729 2995 812 3085 ἡδίω
839 2995 932 3084 παρὰ
958 2994 1059 3077 πολὺ,
1088 2984 1115 3061 ὦ

93 3093 187 3162 Νότε·
214 3094 236 3185 ἡ
252 3122 291 3165 τε
309 3096 370 3187 γάρ
387 3099 543 3166 θάλαττα
565 3095 667 3179 εὐθὺς
690 3096 821 3184 ἀκύμων
840 3098 964 3187 ἐγένετο
986 3103 1042 3165 καὶ
1058 3095 1115 3185 τὴν

94 3199 225 3287 γαλήνην
243 3200 496 3287 ἐπισπασαμένη
519 3202 608 3269 λείαν
630 3215 784 3288 παρεῖχεν
807 3199 935 3290 ίαοτὴν,
962 3199 1057 3289 ἡμεῖς
1080 3200 1116 3267 δὲ

98 3297 210 3382 πάντες
226 3302 364 3393 ἡσυχίαν
382 3298 514 3389 άγοντες
531 3300 625 3371 οὐδέν
648 3301 766 3391 ἀλλοῆ
789 3307 911 3371 θεαταί
933 3304 1116 3388 μόνοντῶν

97 3411 284 3489 γιγνομένων
302 3408 625 3494 παρηκολουθοῦμεν,
637 3402 776 3491 ’Ἑρωτος
794 3407 830 3473 δὲ
847 3404 1118 3491 παραπετόμενοι

98 3503 206 3590 μικρὸν
224 3508 259 3575 ἐκ
275 3514 334 3595 τῆς
351 3507 528 3595 θαλάττης,
548 3505 593 3587 ώς
607 3505 709 3575 ένίοτε
722 3504 834 3595 ἀκροις
846 3520 917 3585 τοῖς
928 3509 1029 3573 ποσὶν
1044 3503 1117 3572 έπε-

100 3608 215 3685 ψαύειν
223 3617 282 3678 τοῦ
295 3606 425 3689 ύδατος,
443 3605 588 3696 ἡμμένας
600 3607 660 3691 τὰς
672 3610 776 3699 δᾷδας
790 3615 943 3699 φέροντες
955 3598 1035 3697 ᾖδον
1049 3602 1118 3691 άμα

100 3700 153 3771 τὸν
168 3705 334 3795 ῦμέναισν,
358 3712 394 3778 αλ
410 3713 572 3799 Νηρηίδες
590 3714 626 3780 δὲ
644 3709 805 3798 ἀναδῦσαι
826 3716 1040 3800 παρίππευον
1061 3708 1118 3776 ἐπὶ

100 3812 161 3874 τῶν
179 3812 337 3904 δελφίνων
356 3814 589 3905 ἐπικροτοῦσαι
604 3812 779 3902 ἡμίγυμνοι
801 3813 837 3880 αἱ
858 3815 993 3895 πολλαὶ,
1021 3811 1059 3880 τό
1082 3836 1118 3879 τε

41 4000 43 4003 v
97 3914 163 3977 τῶν
178 3918 346 4003 Τριτώνων
361 3923 452 4006 γένος
469 3921 524 3985 καὶ
541 3917 575 3985 εί
587 3944 621 3985 τι
639 3915 718 3984 ἀλλο
735 3914 780 4005 μὴ
798 3913 940 4005 φοβερὸν
959 3915 1040 3983 ἰδεῖν
1052 3921 1118 3982 τῶν

41 4062 44 4119 η
104 4013 287 4089 θαλαττίων
309 4016 440 4090 ἅπαντα
460 4021 669 4113 περιεχόρευε
693 4016 752 4108 τὴν
777 4019 899 4088 παῖδα·
928 4014 946 4085 ό
972 4021 1031 4105 μέν
1055 4015 1117 4110 γὰρ

42 4120 44 4135 ¹
154 4116 246 4167 λαεὶοκί
258 4123 328 4170 vom.
931 4120 949 4177 8
