<?xml version="1.0" encoding="UTF-8"?>
<!DOCTYPE html PUBLIC "-//W3C//DTD XHTML 1.0 Transitional//EN"
    "http://www.w3.org/TR/xhtml1/DTD/xhtml1-transitional.dtd">
<html xmlns="http://www.w3.org/1999/xhtml" xml:lang="en" lang="en">
 <head>
  <title>
</title>
<meta http-equiv="Content-Type" content="text/html;charset=utf-8" />
  <meta name='ocr-system' content='tesseract 3.04.00' />
  <meta name='ocr-capabilities' content='ocr_page ocr_carea ocr_par ocr_line ocrx_word'/>
</head>
<body>
  <div class='ocr_page' id='page_1' title='image "./lucianisamosate04dindgoog_0107.png"; bbox 0 0 2724 4634; ppageno 0'>
   <div class='ocr_carea' id='block_1_1' title="bbox 211 255 860 334">
    <p class='ocr_par' dir='ltr' id='par_1_1' title="bbox 211 255 860 334">
     <span class='ocr_line' id='line_1_1' title="bbox 211 255 860 334; baseline -0.012 -8"><span class='ocrx_word' id='word_1_1' title='bbox 211 255 255 327; x_wconf 66' lang='grc' dir='ltr'><strong><em>λε</em></strong></span> <span class='ocrx_word' id='word_1_2' title='bbox 325 328 328 334; x_wconf 67' lang='grc'><strong><em>,</em></strong></span> <span class='ocrx_word' id='word_1_3' title='bbox 608 263 860 321; x_wconf 72' lang='grc' dir='ltr'><strong><em>ΛοεΚΙΑΝοτ</em></strong></span> 
     </span>
    </p>
   </div>
   <div class='ocr_carea' id='block_1_2' title="bbox 177 363 1276 1899">
    <p class='ocr_par' dir='ltr' id='par_1_2' title="bbox 209 363 1276 974">
     <span class='ocr_line' id='line_1_2' title="bbox 262 363 1248 468; baseline 0.001 -27"><span class='ocrx_word' id='word_1_4' title='bbox 262 380 373 441; x_wconf 78' lang='lat' dir='ltr'>HPAK</span> <span class='ocrx_word' id='word_1_5' title='bbox 405 368 528 444; x_wconf 83' lang='grc' dir='ltr'><strong><em>θύκουν</em></strong></span> <span class='ocrx_word' id='word_1_6' title='bbox 543 368 604 440; x_wconf 81' lang='grc' dir='ltr'><strong><em>λσα</em></strong></span> <span class='ocrx_word' id='word_1_7' title='bbox 619 370 676 438; x_wconf 82' lang='grc' dir='ltr'><strong><em>καὶ</em></strong></span> <span class='ocrx_word' id='word_1_8' title='bbox 693 364 795 456; x_wconf 88' lang='grc' dir='ltr'><strong><em>όμοια</em></strong></span> <span class='ocrx_word' id='word_1_9' title='bbox 810 364 972 456; x_wconf 82' lang='grc' dir='ltr'><strong><em>βεβίωται</em></strong></span> <span class='ocrx_word' id='word_1_10' title='bbox 989 363 1081 458; x_wconf 80' lang='grc' dir='ltr'><strong><em>ἡμίν,</em></strong></span> <span class='ocrx_word' id='word_1_11' title='bbox 1093 457 1097 468; x_wconf 28' lang='grc' dir='ltr'>Ι</span> <span class='ocrx_word' id='word_1_12' title='bbox 1108 367 1147 452; x_wconf 78' lang='grc' dir='ltr'><strong><em>ὃς</em></strong></span> <span class='ocrx_word' id='word_1_13' title='bbox 1164 371 1248 455; x_wconf 81' lang='grc' dir='ltr'><strong><em>Διὸς</em></strong></span> 
     </span>
     <span class='ocr_line' id='line_1_3' title="bbox 209 470 1247 568; baseline -0.002 -21"><span class='ocrx_word' id='word_1_14' title='bbox 209 476 271 568; x_wconf 77' lang='grc' dir='ltr'><strong><em>μέν</em></strong></span> <span class='ocrx_word' id='word_1_15' title='bbox 286 477 360 559; x_wconf 76' lang='grc' dir='ltr'><strong><em>οἶός</em></strong></span> <span class='ocrx_word' id='word_1_16' title='bbox 373 475 455 563; x_wconf 81' lang='grc' dir='ltr'><strong><em>εἶμι,</em></strong></span> <span class='ocrx_word' id='word_1_17' title='bbox 473 478 622 544; x_wconf 90' lang='grc' dir='ltr'><strong><em>τοσαύτα</em></strong></span> <span class='ocrx_word' id='word_1_18' title='bbox 635 472 672 541; x_wconf 80' lang='grc' dir='ltr'><strong><em>δδ</em></strong></span> <span class='ocrx_word' id='word_1_19' title='bbox 683 471 857 563; x_wconf 78' lang='grc' dir='ltr'><strong><em>πεπόνηκα</em></strong></span> <span class='ocrx_word' id='word_1_20' title='bbox 871 470 1080 560; x_wconf 69' lang='grc' dir='ltr'><strong><em>ἐκκαθαίρων</em></strong></span> <span class='ocrx_word' id='word_1_21' title='bbox 1091 470 1149 542; x_wconf 87' lang='grc' dir='ltr'><strong><em>τὸν</em></strong></span> <span class='ocrx_word' id='word_1_22' title='bbox 1160 480 1247 561; x_wconf 81' lang='grc' dir='ltr'><strong><em>βίον,</em></strong></span> 
     </span>
     <span class='ocr_line' id='line_1_4' title="bbox 210 570 1252 705; baseline -0.002 -58"><span class='ocrx_word' id='word_1_23' title='bbox 210 582 318 705; x_wconf 85' lang='grc' dir='ltr'><strong><em>θηρία</em></strong></span> <span class='ocrx_word' id='word_1_24' title='bbox 338 575 636 667; x_wconf 79' lang='grc' dir='ltr'><strong><em>καταγωνιζόμενος</em></strong></span> <span class='ocrx_word' id='word_1_25' title='bbox 656 577 713 644; x_wconf 80' lang='grc' dir='ltr'><strong><em>καί</em></strong></span> <span class='ocrx_word' id='word_1_26' title='bbox 734 570 938 666; x_wconf 72' lang='grc' dir='ltr'><strong><em>ἀνθρώπους</em></strong></span> <span class='ocrx_word' id='word_1_27' title='bbox 958 570 1118 664; x_wconf 78' lang='grc' dir='ltr'><strong><em>ύβριστδις</em></strong></span> <span class='ocrx_word' id='word_1_28' title='bbox 1142 603 1252 665; x_wconf 86' lang='grc' dir='ltr'><strong><em>τιμω-</em></strong></span> 
     </span>
     <span class='ocr_line' id='line_1_5' title="bbox 210 672 1276 815; baseline -0.001 -64"><span class='ocrx_word' id='word_1_29' title='bbox 210 682 383 815; x_wconf 87' lang='grc' dir='ltr'><strong><em>ροόμενος</em></strong></span> <span class='ocrx_word' id='word_1_30' title='bbox 410 678 450 749; x_wconf 85' lang='grc' dir='ltr'><strong><em>σὺ</em></strong></span> <span class='ocrx_word' id='word_1_31' title='bbox 473 680 510 749; x_wconf 76' lang='grc' dir='ltr'><strong><em>δὲ</em></strong></span> <span class='ocrx_word' id='word_1_32' title='bbox 527 677 702 805; x_wconf 74' lang='grc' dir='ltr'><strong><em>ῥιζοτόμος</em></strong></span> <span class='ocrx_word' id='word_1_33' title='bbox 719 674 752 747; x_wconf 82' lang='grc' dir='ltr'><strong><em>ελ</em></strong></span> <span class='ocrx_word' id='word_1_34' title='bbox 770 672 1001 767; x_wconf 72' lang='grc' dir='ltr'><strong><em>καίάγύρτης,</em></strong></span> <span class='ocrx_word' id='word_1_35' title='bbox 1029 685 1166 749; x_wconf 81' lang='grc' dir='ltr'><strong><em>νοσοῦσι</em></strong></span> <span class='ocrx_word' id='word_1_36' title='bbox 1187 681 1251 766; x_wconf 80' lang='grc' dir='ltr'><strong><em>μὲν</em></strong></span> <span class='ocrx_word' id='word_1_37' title='bbox 1270 703 1276 713; x_wconf 91' lang='grc'><em>·</em></span> 
     </span>
     <span class='ocr_line' id='line_1_6' title="bbox 210 777 1249 905; baseline -0.004 -49.992"><span class='ocrx_word' id='word_1_38' title='bbox 210 785 294 865; x_wconf 81' lang='grc' dir='ltr'><strong><em>ἰὀιος</em></strong></span> <span class='ocrx_word' id='word_1_39' title='bbox 314 781 512 874; x_wconf 82' lang='grc' dir='ltr'><strong><em>ἀνθρώποις</em></strong></span> <span class='ocrx_word' id='word_1_40' title='bbox 529 781 692 872; x_wconf 81' lang='grc' dir='ltr'><strong><em>χρήσιμος</em></strong></span> <span class='ocrx_word' id='word_1_41' title='bbox 712 779 761 860; x_wconf 83' lang='grc' dir='ltr'><strong><em>εἰς</em></strong></span> <span class='ocrx_word' id='word_1_42' title='bbox 783 777 938 849; x_wconf 72' lang='grc' dir='ltr'><strong><em>ἐπίθεσιν</em></strong></span> <span class='ocrx_word' id='word_1_43' title='bbox 958 785 1025 850; x_wconf 90' lang='grc' dir='ltr'><strong><em>τῶν</em></strong></span> <span class='ocrx_word' id='word_1_44' title='bbox 1051 783 1249 905; x_wconf 82' lang='grc' dir='ltr'><strong><em>φαρμάκων,</em></strong></span> 
     </span>
     <span class='ocr_line' id='line_1_7' title="bbox 212 882 835 974; baseline -0.007 -19"><span class='ocrx_word' id='word_1_45' title='bbox 212 882 377 974; x_wconf 74' lang='grc' dir='ltr'><strong><em>ἀνδρῶδες</em></strong></span> <span class='ocrx_word' id='word_1_46' title='bbox 395 886 432 954; x_wconf 74' lang='grc' dir='ltr'><strong><em>δὲ</em></strong></span> <span class='ocrx_word' id='word_1_47' title='bbox 449 882 544 954; x_wconf 81' lang='grc' dir='ltr'><strong><em>ούδέν</em></strong></span> <span class='ocrx_word' id='word_1_48' title='bbox 562 883 835 973; x_wconf 83' lang='grc' dir='ltr'><strong><em>ἐπιδεδειγμένος.</em></strong></span> 
     </span>
    </p>

    <p class='ocr_par' dir='ltr' id='par_1_3' title="bbox 177 979 1251 1693">
     <span class='ocr_line' id='line_1_8' title="bbox 177 979 1251 1077; baseline 0.004 -23"><span class='ocrx_word' id='word_1_49' title='bbox 177 1012 193 1062; x_wconf 75' lang='lat'>2</span> <span class='ocrx_word' id='word_1_50' title='bbox 261 996 347 1054; x_wconf 85' lang='grc' dir='ltr'><strong><em>ΑΣΚ.</em></strong></span> <span class='ocrx_word' id='word_1_51' title='bbox 391 979 441 1057; x_wconf 84' lang='grc' dir='ltr'><strong><em>Εύ</em></strong></span> <span class='ocrx_word' id='word_1_52' title='bbox 458 991 576 1077; x_wconf 88' lang='grc' dir='ltr'><strong><em>λέγεις,</em></strong></span> <span class='ocrx_word' id='word_1_53' title='bbox 604 982 658 1056; x_wconf 80' lang='grc' dir='ltr'><strong><em>ὅτι</em></strong></span> <span class='ocrx_word' id='word_1_54' title='bbox 675 1011 736 1055; x_wconf 92' lang='grc' dir='ltr'><strong><em>σου</em></strong></span> <span class='ocrx_word' id='word_1_55' title='bbox 752 1013 796 1054; x_wconf 89' lang='grc' dir='ltr'><strong><em>τα</em></strong></span> <span class='ocrx_word' id='word_1_56' title='bbox 780 984 999 1076; x_wconf 88' lang='grc' dir='ltr'><strong><em>ἐγκαύματα</em></strong></span> <span class='ocrx_word' id='word_1_57' title='bbox 1017 982 1213 1076; x_wconf 65' lang='grc' dir='ltr'><strong><em>ίαοάμην,”’</em></strong></span> <span class='ocrx_word' id='word_1_58' title='bbox 1191 1014 1251 1058; x_wconf 81' lang='grc' dir='ltr'><strong><em>οτι</em></strong></span> 
     </span>
     <span class='ocr_line' id='line_1_9' title="bbox 210 1085 1248 1185; baseline -0.003 -22"><span class='ocrx_word' id='word_1_59' title='bbox 210 1093 326 1185; x_wconf 77' lang='grc' dir='ltr'><strong><em>πρῴην</em></strong></span> <span class='ocrx_word' id='word_1_60' title='bbox 344 1087 524 1181; x_wconf 77' lang='grc' dir='ltr'><strong><em>ἀνῆλθες</em></strong></span> <span class='ocrx_word' id='word_1_61' title='bbox 503 1118 548 1181; x_wconf 90' lang='grc' dir='ltr'><strong><em>ημ</em></strong></span> <span class='ocrx_word' id='word_1_62' title='bbox 552 1092 704 1181; x_wconf 87' lang='grc' dir='ltr'><strong><em>ίφλεκτος</em></strong></span> <span class='ocrx_word' id='word_1_63' title='bbox 719 1085 814 1159; x_wconf 59' lang='grc' dir='ltr'><strong><em>ἀπ’</em></strong></span> <span class='ocrx_word' id='word_1_64' title='bbox 794 1102 920 1181; x_wconf 88' lang='grc' dir='ltr'><strong><em>αμφοῖυ</em></strong></span> <span class='ocrx_word' id='word_1_65' title='bbox 942 1091 1190 1181; x_wconf 71' lang='grc' dir='ltr'><strong><em>διεφθαρμένος</em></strong></span> <span class='ocrx_word' id='word_1_66' title='bbox 1206 1089 1248 1160; x_wconf 84' lang='grc' dir='ltr'><strong><em>τὸ</em></strong></span> 
     </span>
     <span class='ocr_line' id='line_1_10' title="bbox 212 1189 1249 1285; baseline -0.002 -21"><span class='ocrx_word' id='word_1_67' title='bbox 212 1202 323 1281; x_wconf 88' lang='grc' dir='ltr'><strong><em>σῶμα,</em></strong></span> <span class='ocrx_word' id='word_1_68' title='bbox 349 1196 406 1261; x_wconf 84' lang='grc' dir='ltr'><strong><em>καὶ</em></strong></span> <span class='ocrx_word' id='word_1_69' title='bbox 422 1200 483 1263; x_wconf 83' lang='grc' dir='ltr'><strong><em>τού</em></strong></span> <span class='ocrx_word' id='word_1_70' title='bbox 497 1200 637 1278; x_wconf 80' lang='grc' dir='ltr'><strong><em>χιτῶνος</em></strong></span> <span class='ocrx_word' id='word_1_71' title='bbox 653 1197 709 1262; x_wconf 84' lang='grc' dir='ltr'><strong><em>καὶ</em></strong></span> <span class='ocrx_word' id='word_1_72' title='bbox 730 1189 815 1279; x_wconf 89' lang='grc' dir='ltr'><strong><em>μετδι</em></strong></span> <span class='ocrx_word' id='word_1_73' title='bbox 831 1198 929 1262; x_wconf 83' lang='grc' dir='ltr'><strong><em>τοῦτο</em></strong></span> <span class='ocrx_word' id='word_1_74' title='bbox 951 1200 1011 1262; x_wconf 85' lang='grc' dir='ltr'><strong><em>τού</em></strong></span> <span class='ocrx_word' id='word_1_75' title='bbox 1029 1193 1152 1285; x_wconf 87' lang='grc' dir='ltr'><strong><em>πυρός·</em></strong></span> <span class='ocrx_word' id='word_1_76' title='bbox 1182 1191 1249 1281; x_wconf 83' lang='grc' dir='ltr'><strong><em>ἐγὼ</em></strong></span> 
     </span>
     <span class='ocr_line' id='line_1_11' title="bbox 212 1292 1250 1387; baseline -0.002 -20"><span class='ocrx_word' id='word_1_77' title='bbox 212 1299 249 1367; x_wconf 78' lang='grc' dir='ltr'><strong><em>δὲ</em></strong></span> <span class='ocrx_word' id='word_1_78' title='bbox 275 1296 306 1365; x_wconf 86' lang='grc' dir='ltr'><strong><em>ελ</em></strong></span> <span class='ocrx_word' id='word_1_79' title='bbox 326 1299 386 1364; x_wconf 80' lang='grc' dir='ltr'><strong><em>καί</em></strong></span> <span class='ocrx_word' id='word_1_80' title='bbox 411 1296 512 1386; x_wconf 82' lang='grc' dir='ltr'><strong><em>μηδέν</em></strong></span> <span class='ocrx_word' id='word_1_81' title='bbox 538 1293 633 1380; x_wconf 85' lang='grc' dir='ltr'><strong><em>ἀλλο,</em></strong></span> <span class='ocrx_word' id='word_1_82' title='bbox 661 1292 738 1365; x_wconf 83' lang='grc' dir='ltr'><strong><em>σύτο</em></strong></span> <span class='ocrx_word' id='word_1_83' title='bbox 764 1295 943 1365; x_wconf 76' lang='grc' dir='ltr'><strong><em>ἐδούλωσα</em></strong></span> <span class='ocrx_word' id='word_1_84' title='bbox 965 1292 1079 1387; x_wconf 82' lang='grc' dir='ltr'><strong><em>ῶσπερ</em></strong></span> <span class='ocrx_word' id='word_1_85' title='bbox 1102 1294 1143 1365; x_wconf 82' lang='grc' dir='ltr'><strong><em>σὺ</em></strong></span> <span class='ocrx_word' id='word_1_86' title='bbox 1171 1292 1250 1365; x_wconf 85' lang='grc' dir='ltr'><strong><em>ούτε</em></strong></span> 
     </span>
     <span class='ocr_line' id='line_1_12' title="bbox 212 1396 1251 1490; baseline 0.001 -23"><span class='ocrx_word' id='word_1_87' title='bbox 212 1398 340 1482; x_wconf 75' lang='grc' dir='ltr'><strong><em>ἐξαινον</em></strong></span> <span class='ocrx_word' id='word_1_88' title='bbox 357 1396 431 1488; x_wconf 81' lang='grc' dir='ltr'><strong><em>ἐ’ρια</em></strong></span> <span class='ocrx_word' id='word_1_89' title='bbox 449 1397 483 1466; x_wconf 84' lang='grc' dir='ltr'><strong><em>ἐν</em></strong></span> <span class='ocrx_word' id='word_1_90' title='bbox 495 1399 607 1490; x_wconf 73' lang='grc' dir='ltr'><strong><em>Λυδίην</em></strong></span> <span class='ocrx_word' id='word_1_91' title='bbox 623 1399 818 1488; x_wconf 83' lang='grc' dir='ltr'><strong><em>πορφυρίδα</em></strong></span> <span class='ocrx_word' id='word_1_92' title='bbox 835 1396 1013 1479; x_wconf 82' lang='grc' dir='ltr'><strong><em>ἐνδεδυκὼς</em></strong></span> <span class='ocrx_word' id='word_1_93' title='bbox 1030 1401 1086 1466; x_wconf 80' lang='grc' dir='ltr'><strong><em>καί</em></strong></span> <span class='ocrx_word' id='word_1_94' title='bbox 1102 1398 1251 1486; x_wconf 84' lang='grc' dir='ltr'><strong><em>παιόμε·</em></strong></span> 
     </span>
     <span class='ocr_line' id='line_1_13' title="bbox 210 1496 1251 1591; baseline -0.002 -20"><span class='ocrx_word' id='word_1_95' title='bbox 210 1526 267 1582; x_wconf 87' lang='grc' dir='ltr'><strong><em>νος</em></strong></span> <span class='ocrx_word' id='word_1_96' title='bbox 283 1496 351 1570; x_wconf 87' lang='grc' dir='ltr'><strong><em>ύπὸ</em></strong></span> <span class='ocrx_word' id='word_1_97' title='bbox 369 1507 427 1590; x_wconf 79' lang='grc' dir='ltr'><strong><em>τῆς</em></strong></span> <span class='ocrx_word' id='word_1_98' title='bbox 441 1499 603 1590; x_wconf 76' lang='grc' dir='ltr'><strong><em>Ὀμφάλης</em></strong></span> <span class='ocrx_word' id='word_1_99' title='bbox 617 1507 730 1591; x_wconf 78' lang='grc' dir='ltr'><strong><em>χρυσῶ</em></strong></span> <span class='ocrx_word' id='word_1_100' title='bbox 748 1501 915 1590; x_wconf 79' lang='grc' dir='ltr'><strong><em>σανδάλῳ,</em></strong></span> <span class='ocrx_word' id='word_1_101' title='bbox 943 1497 1017 1569; x_wconf 80' lang='grc' dir='ltr'><strong><em>ἀλλ’</em></strong></span> <span class='ocrx_word' id='word_1_102' title='bbox 1033 1499 1109 1571; x_wconf 77' lang='grc' dir='ltr'><strong><em>σύδὲ</em></strong></span> <span class='ocrx_word' id='word_1_103' title='bbox 1125 1504 1251 1590; x_wconf 86' lang='grc' dir='ltr'><strong><em>μελαγ-</em></strong></span> 
     </span>
     <span class='ocr_line' id='line_1_14' title="bbox 208 1600 1030 1693; baseline 0.001 -21"><span class='ocrx_word' id='word_1_104' title='bbox 208 1603 354 1692; x_wconf 81' lang='grc' dir='ltr'><strong><em>χολήσας</em></strong></span> <span class='ocrx_word' id='word_1_105' title='bbox 372 1600 548 1673; x_wconf 84' lang='grc' dir='ltr'><strong><em>ἀπέκτεινα</em></strong></span> <span class='ocrx_word' id='word_1_106' title='bbox 564 1601 719 1672; x_wconf 82' lang='grc' dir='ltr'><strong><em>τὰτέκνα</em></strong></span> <span class='ocrx_word' id='word_1_107' title='bbox 736 1606 797 1671; x_wconf 84' lang='grc' dir='ltr'><strong><em>καὶ·</em></strong></span> <span class='ocrx_word' id='word_1_108' title='bbox 809 1602 866 1693; x_wconf 80' lang='grc' dir='ltr'><strong><em>τὴν</em></strong></span> <span class='ocrx_word' id='word_1_109' title='bbox 883 1617 1030 1692; x_wconf 91' lang='grc' dir='ltr'><strong><em>γυναῖκα.</em></strong></span> 
     </span>
    </p>

    <p class='ocr_par' dir='ltr' id='par_1_4' title="bbox 212 1704 1250 1899">
     <span class='ocr_line' id='line_1_15' title="bbox 262 1704 1249 1796; baseline 0 -21"><span class='ocrx_word' id='word_1_110' title='bbox 262 1713 372 1769; x_wconf 83' lang='grc' dir='ltr'>ΗΡΑΚ</span> <span class='ocrx_word' id='word_1_111' title='bbox 406 1706 451 1775; x_wconf 82' lang='grc' dir='ltr'><strong><em>Εἰ</em></strong></span> <span class='ocrx_word' id='word_1_112' title='bbox 466 1733 512 1795; x_wconf 89' lang='grc' dir='ltr'><strong><em>μη</em></strong></span> <span class='ocrx_word' id='word_1_113' title='bbox 530 1705 643 1796; x_wconf 81' lang='grc' dir='ltr'><strong><em>παύση</em></strong></span> <span class='ocrx_word' id='word_1_114' title='bbox 662 1706 915 1796; x_wconf 87' lang='grc' dir='ltr'><strong><em>λοιδορούμενός</em></strong></span> <span class='ocrx_word' id='word_1_115' title='bbox 930 1732 1003 1792; x_wconf 90' lang='grc' dir='ltr'><strong><em>μοι,</em></strong></span> <span class='ocrx_word' id='word_1_116' title='bbox 1024 1704 1142 1776; x_wconf 87' lang='grc' dir='ltr'><strong><em>αύτίκα</em></strong></span> <span class='ocrx_word' id='word_1_117' title='bbox 1155 1706 1249 1793; x_wconf 90' lang='grc' dir='ltr'><strong><em>μάλα</em></strong></span> 
     </span>
     <span class='ocr_line' id='line_1_16' title="bbox 212 1803 1250 1899; baseline 0.001 -23"><span class='ocrx_word' id='word_1_118' title='bbox 212 1808 284 1899; x_wconf 85' lang='grc' dir='ltr'><strong><em>ε’ίση</em></strong></span> <span class='ocrx_word' id='word_1_119' title='bbox 308 1803 355 1889; x_wconf 88' lang='grc' dir='ltr'><strong><em>ῶς</em></strong></span> <span class='ocrx_word' id='word_1_120' title='bbox 376 1805 414 1876; x_wconf 88' lang='grc' dir='ltr'><strong><em>ού</em></strong></span> <span class='ocrx_word' id='word_1_121' title='bbox 437 1809 523 1876; x_wconf 89' lang='grc' dir='ltr'><strong><em>πολύ</em></strong></span> <span class='ocrx_word' id='word_1_122' title='bbox 547 1833 585 1877; x_wconf 88' lang='grc' dir='ltr'><strong><em>σε</em></strong></span> <span class='ocrx_word' id='word_1_123' title='bbox 608 1807 719 1898; x_wconf 82' lang='grc' dir='ltr'><strong><em>ἀνήσει</em></strong></span> <span class='ocrx_word' id='word_1_124' title='bbox 736 1837 756 1898; x_wconf 90' lang='grc' dir='ltr'><strong><em>η</em></strong></span> <span class='ocrx_word' id='word_1_125' title='bbox 744 1806 960 1894; x_wconf 66' lang='grc' dir='ltr'><strong><em>ίἀθανασία,</em></strong></span> <span class='ocrx_word' id='word_1_126' title='bbox 989 1806 1102 1878; x_wconf 79' lang='grc' dir='ltr'><strong><em>έπεὶ’</em></strong></span> <span class='ocrx_word' id='word_1_127' title='bbox 1081 1809 1250 1899; x_wconf 85' lang='grc' dir='ltr'><strong><em>αράμενός</em></strong></span> 
     </span>
    </p>
   </div>
   <div class='ocr_carea' id='block_1_3' title="bbox 213 1907 1357 2001">
    <p class='ocr_par' dir='ltr' id='par_1_5' title="bbox 213 1907 1357 2001">
     <span class='ocr_line' id='line_1_17' title="bbox 213 1907 1357 2001; baseline 0.001 -21"><span class='ocrx_word' id='word_1_128' title='bbox 213 1936 251 1980; x_wconf 86' lang='grc' dir='ltr'><strong><em>σε</em></strong></span> <span class='ocrx_word' id='word_1_129' title='bbox 277 1909 412 2000; x_wconf 79' lang='grc' dir='ltr'><strong><em>ῥίψωέ</em></strong></span> <span class='ocrx_word' id='word_1_130' title='bbox 411 1914 454 1979; x_wconf 84' lang='grc' dir='ltr'><strong><em>πὶ</em></strong></span> <span class='ocrx_word' id='word_1_131' title='bbox 479 1909 622 2001; x_wconf 89' lang='grc' dir='ltr'><strong><em>κεφαλην</em></strong></span> <span class='ocrx_word' id='word_1_132' title='bbox 649 1910 685 1979; x_wconf 86' lang='grc' dir='ltr'><strong><em>ἐκ</em></strong></span> <span class='ocrx_word' id='word_1_133' title='bbox 708 1919 768 1979; x_wconf 83' lang='grc' dir='ltr'><strong><em>τού</em></strong></span> <span class='ocrx_word' id='word_1_134' title='bbox 790 1909 944 2001; x_wconf 84' lang='grc' dir='ltr'><strong><em>ούρανοῦ,</em></strong></span> <span class='ocrx_word' id='word_1_135' title='bbox 973 1907 1060 1981; x_wconf 83' lang='grc' dir='ltr'><strong><em>ῶστε</em></strong></span> <span class='ocrx_word' id='word_1_136' title='bbox 1079 1909 1222 2001; x_wconf 74' lang='grc' dir='ltr'><strong><em>μηδὲ</em></strong></span> <span class='ocrx_word' id='word_1_137' title='bbox 1188 1937 1248 1981; x_wconf 90' lang='grc' dir='ltr'><strong><em>τον</em></strong></span> <span class='ocrx_word' id='word_1_138' title='bbox 1356 1944 1357 1953; x_wconf 50' lang='lat'>¹</span> 
     </span>
    </p>
   </div>
   <div class='ocr_carea' id='block_1_4' title="bbox 148 2011 1249 2309">
    <p class='ocr_par' dir='ltr' id='par_1_6' title="bbox 148 2011 1249 2309">
     <span class='ocr_line' id='line_1_18' title="bbox 148 2011 1035 2105; baseline 0 -22"><span class='ocrx_word' id='word_1_139' title='bbox 148 2014 150 2017; x_wconf 66' lang='grc'><strong>’</strong></span> <span class='ocrx_word' id='word_1_140' title='bbox 212 2020 351 2084; x_wconf 82' lang='grc' dir='ltr'><strong><em>Παιῶνα</em></strong></span> <span class='ocrx_word' id='word_1_141' title='bbox 369 2013 539 2083; x_wconf 84' lang='grc' dir='ltr'><strong><em>λύσασθαί</em></strong></span> <span class='ocrx_word' id='word_1_142' title='bbox 525 2019 593 2083; x_wconf 90' lang='grc' dir='ltr'><strong><em>ίσε</em></strong></span> <span class='ocrx_word' id='word_1_143' title='bbox 609 2011 649 2082; x_wconf 87' lang='grc' dir='ltr'><strong><em>τδ</em></strong></span> <span class='ocrx_word' id='word_1_144' title='bbox 665 2039 744 2103; x_wconf 87' lang='grc' dir='ltr'><strong><em>κραυ</em></strong></span> <span class='ocrx_word' id='word_1_145' title='bbox 747 2019 797 2082; x_wconf 91' lang='grc' dir='ltr'><strong><em>ίον</em></strong></span> <span class='ocrx_word' id='word_1_146' title='bbox 815 2020 1035 2105; x_wconf 82' lang='grc' dir='ltr'><strong><em>συντριβέντα.</em></strong></span> 
     </span>
     <span class='ocr_line' id='line_1_19' title="bbox 265 2112 1249 2207; baseline 0.005 -28"><span class='ocrx_word' id='word_1_147' title='bbox 265 2124 369 2180; x_wconf 80' lang='grc' dir='ltr'><strong><em>ΖΕΥΣ.</em></strong></span> <span class='ocrx_word' id='word_1_148' title='bbox 408 2116 608 2207; x_wconf 72' lang='grc' dir='ltr'><strong><em>Παύσασθε,</em></strong></span> <span class='ocrx_word' id='word_1_149' title='bbox 637 2120 736 2206; x_wconf 83' lang='grc' dir='ltr'><strong><em>φημί,</em></strong></span> <span class='ocrx_word' id='word_1_150' title='bbox 767 2115 889 2207; x_wconf 78' lang='grc' dir='ltr'><strong><em>καὶμὴ</em></strong></span> <span class='ocrx_word' id='word_1_151' title='bbox 913 2116 1148 2207; x_wconf 83' lang='grc' dir='ltr'><strong><em>ἐπιταράττετε</em></strong></span> <span class='ocrx_word' id='word_1_152' title='bbox 1169 2112 1249 2205; x_wconf 81' lang='grc' dir='ltr'><strong><em>ἡμῖν</em></strong></span> 
     </span>
     <span class='ocr_line' id='line_1_20' title="bbox 212 2215 1248 2309; baseline 0.001 -22"><span class='ocrx_word' id='word_1_153' title='bbox 212 2215 270 2309; x_wconf 79' lang='grc' dir='ltr'><strong><em>τὴν</em></strong></span> <span class='ocrx_word' id='word_1_154' title='bbox 297 2225 487 2302; x_wconf 90' lang='grc' dir='ltr'><strong><em>συνουσίαν,</em></strong></span> <span class='ocrx_word' id='word_1_155' title='bbox 515 2216 537 2307; x_wconf 80' lang='grc' dir='ltr'>ἢ</span> <span class='ocrx_word' id='word_1_156' title='bbox 564 2215 773 2308; x_wconf 85' lang='grc' dir='ltr'><strong><em>ἀμφοτέρους</em></strong></span> <span class='ocrx_word' id='word_1_157' title='bbox 799 2216 1050 2308; x_wconf 79' lang='grc' dir='ltr'><strong><em>ἀποπέμψομαι</em></strong></span> <span class='ocrx_word' id='word_1_158' title='bbox 1075 2217 1162 2306; x_wconf 84' lang='grc' dir='ltr'><strong><em>ύμάς</em></strong></span> <span class='ocrx_word' id='word_1_159' title='bbox 1186 2224 1248 2288; x_wconf 84' lang='grc' dir='ltr'><strong><em>τού</em></strong></span> 
     </span>
    </p>
   </div>
   <div class='ocr_carea' id='block_1_5' title="bbox 213 2313 1251 2514">
    <p class='ocr_par' dir='ltr' id='par_1_7' title="bbox 213 2313 1251 2514">
     <span class='ocr_line' id='line_1_21' title="bbox 214 2313 1251 2413; baseline 0.002 -25"><span class='ocrx_word' id='word_1_160' title='bbox 214 2325 412 2405; x_wconf 91' lang='grc' dir='ltr'><strong><em>συμποσίου.</em></strong></span> <span class='ocrx_word' id='word_1_161' title='bbox 438 2327 547 2389; x_wconf 90' lang='grc' dir='ltr'><strong><em>καίτοι</em></strong></span> <span class='ocrx_word' id='word_1_162' title='bbox 561 2318 740 2409; x_wconf 87' lang='grc' dir='ltr'><strong><em>εύγνωμον,</em></strong></span> <span class='ocrx_word' id='word_1_163' title='bbox 760 2313 788 2390; x_wconf 81' lang='grc' dir='ltr'><em>ὦ</em></span> <span class='ocrx_word' id='word_1_164' title='bbox 798 2319 977 2412; x_wconf 81' lang='grc' dir='ltr'><strong><em>Ἡράκλεις,</em></strong></span> <span class='ocrx_word' id='word_1_165' title='bbox 993 2325 1251 2413; x_wconf 86' lang='grc' dir='ltr'><strong><em>προκατακλίνε-</em></strong></span> 
     </span>
     <span class='ocr_line' id='line_1_22' title="bbox 213 2420 1226 2514; baseline 0.002 -22"><span class='ocrx_word' id='word_1_166' title='bbox 213 2428 301 2492; x_wconf 90' lang='grc' dir='ltr'><strong><em>σθαί</em></strong></span> <span class='ocrx_word' id='word_1_167' title='bbox 317 2447 377 2492; x_wconf 92' lang='grc' dir='ltr'><strong><em>σου</em></strong></span> <span class='ocrx_word' id='word_1_168' title='bbox 395 2420 650 2514; x_wconf 71' lang='grc' dir='ltr'><strong><em>τδνΆσκληπιδν</em></strong></span> <span class='ocrx_word' id='word_1_169' title='bbox 668 2420 726 2494; x_wconf 84' lang='grc' dir='ltr'><strong><em>ἀτε</em></strong></span> <span class='ocrx_word' id='word_1_170' title='bbox 742 2428 798 2493; x_wconf 83' lang='grc' dir='ltr'><strong><em>καί</em></strong></span> <span class='ocrx_word' id='word_1_171' title='bbox 814 2426 976 2514; x_wconf 88' lang='grc' dir='ltr'><strong><em>πρότερον</em></strong></span> <span class='ocrx_word' id='word_1_172' title='bbox 994 2421 1226 2495; x_wconf 85' lang='grc' dir='ltr'><strong><em>ἀποθανόντα.</em></strong></span> 
     </span>
    </p>
   </div>
   <div class='ocr_carea' id='block_1_6' title="bbox 455 2611 1001 2783">
    <p class='ocr_par' dir='ltr' id='par_1_8' title="bbox 455 2611 1001 2783">
     <span class='ocr_line' id='line_1_23' title="bbox 707 2611 750 2667; baseline 0 0"><span class='ocrx_word' id='word_1_173' title='bbox 707 2611 750 2667; x_wconf 63' lang='lat'><strong><em>14</em></strong></span> 
     </span>
     <span class='ocr_line' id='line_1_24' title="bbox 455 2714 1001 2783; baseline 0.002 -13"><span class='ocrx_word' id='word_1_174' title='bbox 455 2714 605 2783; x_wconf 79' lang='grc' dir='ltr'>ΕΡΜΟΥ</span> <span class='ocrx_word' id='word_1_175' title='bbox 626 2715 701 2771; x_wconf 85' lang='grc' dir='ltr'><strong><em>ΚΑΙ</em></strong></span> <span class='ocrx_word' id='word_1_176' title='bbox 722 2715 1001 2772; x_wconf 79' lang='grc' dir='ltr'><strong><em>ΑΠΟΛΛΩΝΟΣ.</em></strong></span> 
     </span>
    </p>
   </div>
   <div class='ocr_carea' id='block_1_7' title="bbox 179 2827 1251 4157">
    <p class='ocr_par' dir='ltr' id='par_1_9' title="bbox 179 2827 951 2924">
     <span class='ocr_line' id='line_1_25' title="bbox 179 2827 951 2924; baseline 0.009 -25"><span class='ocrx_word' id='word_1_177' title='bbox 179 2857 194 2906; x_wconf 89' lang='lat'>1</span> <span class='ocrx_word' id='word_1_178' title='bbox 262 2844 350 2900; x_wconf 84' lang='grc' dir='ltr'><strong><em>ΕΡΜ.</em></strong></span> <span class='ocrx_word' id='word_1_179' title='bbox 389 2839 428 2902; x_wconf 84' lang='grc' dir='ltr'><strong><em>Τί</em></strong></span> <span class='ocrx_word' id='word_1_180' title='bbox 444 2833 648 2924; x_wconf 85' lang='grc' dir='ltr'><strong><em>σκυθρωπὸς</em></strong></span> <span class='ocrx_word' id='word_1_181' title='bbox 665 2833 709 2919; x_wconf 85' lang='grc' dir='ltr'><strong><em>ελ,</em></strong></span> <span class='ocrx_word' id='word_1_182' title='bbox 738 2827 951 2915; x_wconf 60' lang='grc' dir='ltr'><strong><em>ῶάλπολλονς</em></strong></span> 
     </span>
    </p>

    <p class='ocr_par' dir='ltr' id='par_1_10' title="bbox 263 2928 1116 3031">
     <span class='ocr_line' id='line_1_26' title="bbox 263 2928 1116 3031; baseline 0.004 -27"><span class='ocrx_word' id='word_1_183' title='bbox 263 2942 325 2997; x_wconf 83' lang='lat' dir='ltr'><strong>All·</strong></span> <span class='ocrx_word' id='word_1_184' title='bbox 354 2932 434 3018; x_wconf 57' lang='grc' dir='ltr'><strong><em>τΌτι,</em></strong></span> <span class='ocrx_word' id='word_1_185' title='bbox 454 2928 482 3004; x_wconf 82' lang='grc' dir='ltr'><em>ὦ</em></span> <span class='ocrx_word' id='word_1_186' title='bbox 493 2935 605 3027; x_wconf 80' lang='grc' dir='ltr'><strong><em>Ἑρμῆ,</em></strong></span> <span class='ocrx_word' id='word_1_187' title='bbox 630 2939 780 3023; x_wconf 84' lang='grc' dir='ltr'><strong><em>δυστυχῶ</em></strong></span> <span class='ocrx_word' id='word_1_188' title='bbox 798 2937 831 3006; x_wconf 85' lang='grc' dir='ltr'><strong><em>ἐν</em></strong></span> <span class='ocrx_word' id='word_1_189' title='bbox 848 2952 920 3020; x_wconf 91' lang='grc' dir='ltr'><strong><em>τοῖς</em></strong></span> <span class='ocrx_word' id='word_1_190' title='bbox 938 2938 1116 3031; x_wconf 81' lang='grc' dir='ltr'><strong><em>ἐρωτικοῖς.</em></strong></span> 
     </span>
    </p>

    <p class='ocr_par' dir='ltr' id='par_1_11' title="bbox 209 3036 1250 3233">
     <span class='ocr_line' id='line_1_27' title="bbox 262 3036 1250 3129; baseline 0.003 -22"><span class='ocrx_word' id='word_1_191' title='bbox 262 3045 349 3101; x_wconf 73' lang='grc' dir='ltr'><strong><em>ΕΡΜ</em></strong></span> <span class='ocrx_word' id='word_1_192' title='bbox 380 3036 483 3121; x_wconf 57' lang='grc' dir='ltr'><strong><em>ἕλξων</em></strong></span> <span class='ocrx_word' id='word_1_193' title='bbox 504 3041 563 3126; x_wconf 78' lang='grc' dir='ltr'><strong><em>μὲν</em></strong></span> <span class='ocrx_word' id='word_1_194' title='bbox 585 3041 692 3129; x_wconf 88' lang='grc' dir='ltr'><strong><em>λύπης</em></strong></span> <span class='ocrx_word' id='word_1_195' title='bbox 712 3038 752 3109; x_wconf 88' lang='grc' dir='ltr'><strong><em>τὸ</em></strong></span> <span class='ocrx_word' id='word_1_196' title='bbox 773 3047 937 3109; x_wconf 80' lang='grc' dir='ltr'><strong><em>τοιοῦτον·</em></strong></span> <span class='ocrx_word' id='word_1_197' title='bbox 956 3041 996 3109; x_wconf 90' lang='grc' dir='ltr'><strong><em>σὺ</em></strong></span> <span class='ocrx_word' id='word_1_198' title='bbox 1013 3041 1049 3110; x_wconf 78' lang='grc' dir='ltr'><strong><em>δέ</em></strong></span> <span class='ocrx_word' id='word_1_199' title='bbox 1069 3044 1107 3110; x_wconf 86' lang='grc' dir='ltr'><strong><em>τί</em></strong></span> <span class='ocrx_word' id='word_1_200' title='bbox 1127 3040 1250 3111; x_wconf 82' lang='grc' dir='ltr'><strong><em>δυστυ-</em></strong></span> 
     </span>
     <span class='ocr_line' id='line_1_28' title="bbox 209 3135 984 3233; baseline 0.008 -26"><span class='ocrx_word' id='word_1_201' title='bbox 209 3152 295 3223; x_wconf 63' lang='grc' dir='ltr'><strong><em>χεῖς·</em></strong></span> <span class='ocrx_word' id='word_1_202' title='bbox 320 3135 342 3228; x_wconf 82' lang='grc' dir='ltr'><em>ἢ</em></span> <span class='ocrx_word' id='word_1_203' title='bbox 359 3138 398 3208; x_wconf 88' lang='grc' dir='ltr'><strong><em>τὸ</em></strong></span> <span class='ocrx_word' id='word_1_204' title='bbox 415 3140 500 3211; x_wconf 82' lang='grc' dir='ltr'><strong><em>κατὰ</em></strong></span> <span class='ocrx_word' id='word_1_205' title='bbox 517 3141 575 3233; x_wconf 79' lang='grc' dir='ltr'><strong><em>τὴν</em></strong></span> <span class='ocrx_word' id='word_1_206' title='bbox 592 3145 729 3233; x_wconf 89' lang='grc' dir='ltr'><strong><em>Δάφνην</em></strong></span> <span class='ocrx_word' id='word_1_207' title='bbox 746 3168 785 3212; x_wconf 89' lang='grc' dir='ltr'><strong><em>οε</em></strong></span> <span class='ocrx_word' id='word_1_208' title='bbox 802 3146 904 3212; x_wconf 85' lang='grc' dir='ltr'><strong><em>λυπεῖ</em></strong></span> <span class='ocrx_word' id='word_1_209' title='bbox 918 3142 984 3225; x_wconf 72' lang='grc' dir='ltr'><strong><em>ἐτις</em></strong></span> 
     </span>
    </p>

    <p class='ocr_par' dir='ltr' id='par_1_12' title="bbox 214 3240 1249 3432">
     <span class='ocr_line' id='line_1_29' title="bbox 264 3240 1249 3337; baseline 0.001 -24"><span class='ocrx_word' id='word_1_210' title='bbox 264 3249 324 3304; x_wconf 80' lang='lat' dir='ltr'><strong>All·</strong></span> <span class='ocrx_word' id='word_1_211' title='bbox 360 3240 535 3332; x_wconf 85' lang='grc' dir='ltr'><strong><em>Ούδαμῶς·</em></strong></span> <span class='ocrx_word' id='word_1_212' title='bbox 557 3244 626 3315; x_wconf 77' lang='grc' dir='ltr'><strong><em>ἀλλ’</em></strong></span> <span class='ocrx_word' id='word_1_213' title='bbox 643 3246 804 3337; x_wconf 79' lang='grc' dir='ltr'><strong><em>ἐρώμενον</em></strong></span> <span class='ocrx_word' id='word_1_214' title='bbox 821 3252 940 3315; x_wconf 89' lang='grc' dir='ltr'><strong><em>πενθῶ</em></strong></span> <span class='ocrx_word' id='word_1_215' title='bbox 955 3243 1013 3317; x_wconf 83' lang='grc' dir='ltr'><strong><em>τόν</em></strong></span> <span class='ocrx_word' id='word_1_216' title='bbox 1029 3245 1173 3318; x_wconf 86' lang='grc' dir='ltr'><strong><em>Λάκωνα</em></strong></span> <span class='ocrx_word' id='word_1_217' title='bbox 1189 3242 1249 3314; x_wconf 73' lang='grc' dir='ltr'><strong><em>τόν</em></strong></span> 
     </span>
     <span class='ocr_line' id='line_1_30' title="bbox 214 3343 367 3432; baseline 0 -18"><span class='ocrx_word' id='word_1_218' title='bbox 214 3343 367 3432; x_wconf 81' lang='grc' dir='ltr'><strong><em>Οἰβάλου.</em></strong></span> 
     </span>
    </p>

    <p class='ocr_par' dir='ltr' id='par_1_13' title="bbox 263 3447 1050 3539">
     <span class='ocr_line' id='line_1_31' title="bbox 263 3447 1050 3539; baseline 0.005 -22"><span class='ocrx_word' id='word_1_219' title='bbox 263 3456 350 3511; x_wconf 75' lang='grc' dir='ltr'><strong><em>ΕΡΜ</em></strong></span> <span class='ocrx_word' id='word_1_220' title='bbox 387 3454 531 3539; x_wconf 85' lang='grc' dir='ltr'><strong><em>Τέθνηκε</em></strong></span> <span class='ocrx_word' id='word_1_221' title='bbox 547 3449 624 3539; x_wconf 86' lang='grc' dir='ltr'><strong><em>γὰρ,</em></strong></span> <span class='ocrx_word' id='word_1_222' title='bbox 644 3450 721 3520; x_wconf 78' lang='grc' dir='ltr'><strong><em>εἶπέ</em></strong></span> <span class='ocrx_word' id='word_1_223' title='bbox 735 3477 808 3537; x_wconf 88' lang='grc' dir='ltr'><strong><em>μοι,</em></strong></span> <span class='ocrx_word' id='word_1_224' title='bbox 828 3447 1050 3532; x_wconf 74' lang='grc' dir='ltr'><strong><em>όὙάκινθοςς</em></strong></span> 
     </span>
    </p>

    <p class='ocr_par' dir='ltr' id='par_1_14' title="bbox 263 3554 542 3639">
     <span class='ocr_line' id='line_1_32' title="bbox 263 3554 542 3639; baseline 0.032 -26"><span class='ocrx_word' id='word_1_225' title='bbox 263 3557 324 3613; x_wconf 81' lang='lat' dir='ltr'><strong><em>AIL</em></strong></span> <span class='ocrx_word' id='word_1_226' title='bbox 357 3555 424 3620; x_wconf 80' lang='grc' dir='ltr'><strong><em>Καὶ</em></strong></span> <span class='ocrx_word' id='word_1_227' title='bbox 441 3554 542 3639; x_wconf 89' lang='grc' dir='ltr'><strong><em>μάλα.</em></strong></span> 
     </span>
    </p>

    <p class='ocr_par' dir='ltr' id='par_1_15' title="bbox 213 3646 1251 3848">
     <span class='ocr_line' id='line_1_33' title="bbox 263 3646 1251 3747; baseline 0 -23"><span class='ocrx_word' id='word_1_228' title='bbox 263 3659 350 3717; x_wconf 75' lang='grc' dir='ltr'><strong><em>ΕΡΜ.</em></strong></span> <span class='ocrx_word' id='word_1_229' title='bbox 392 3654 483 3746; x_wconf 86' lang='grc' dir='ltr'><strong><em>Πρὸς</em></strong></span> <span class='ocrx_word' id='word_1_230' title='bbox 507 3662 609 3738; x_wconf 88' lang='grc' dir='ltr'><strong><em>τίνος,</em></strong></span> <span class='ocrx_word' id='word_1_231' title='bbox 641 3646 855 3736; x_wconf 60' lang='grc' dir='ltr'><strong><em>ῶᾷλπολλσνς</em></strong></span> <span class='ocrx_word' id='word_1_232' title='bbox 887 3653 981 3747; x_wconf 83' lang='grc' dir='ltr'><strong><em>ἢτίς</em></strong></span> <span class='ocrx_word' id='word_1_233' title='bbox 1002 3650 1109 3737; x_wconf 83' lang='grc' dir='ltr'><strong><em>οότως</em></strong></span> <span class='ocrx_word' id='word_1_234' title='bbox 1129 3651 1251 3747; x_wconf 78' lang='grc' dir='ltr'><strong><em>ἀνέρα·</em></strong></span> 
     </span>
     <span class='ocr_line' id='line_1_34' title="bbox 213 3748 1118 3848; baseline 0.003 -22"><span class='ocrx_word' id='word_1_235' title='bbox 213 3780 292 3838; x_wconf 88' lang='grc' dir='ltr'><strong><em>οτος</em></strong></span> <span class='ocrx_word' id='word_1_236' title='bbox 308 3748 347 3847; x_wconf 80' lang='grc' dir='ltr'><strong><em>ἦν</em></strong></span> <span class='ocrx_word' id='word_1_237' title='bbox 365 3754 411 3839; x_wconf 89' lang='grc' dir='ltr'><strong><em>ῶς</em></strong></span> <span class='ocrx_word' id='word_1_238' title='bbox 429 3756 623 3828; x_wconf 89' lang='grc' dir='ltr'><strong><em>ἀποκτεῖναι</em></strong></span> <span class='ocrx_word' id='word_1_239' title='bbox 639 3758 678 3828; x_wconf 90' lang='grc' dir='ltr'><strong><em>τὸ</em></strong></span> <span class='ocrx_word' id='word_1_240' title='bbox 695 3758 795 3830; x_wconf 88' lang='grc' dir='ltr'><strong><em>καλὸν</em></strong></span> <span class='ocrx_word' id='word_1_241' title='bbox 813 3757 916 3829; x_wconf 84' lang='grc' dir='ltr'><strong><em>ἐκεῖνο</em></strong></span> <span class='ocrx_word' id='word_1_242' title='bbox 932 3759 1118 3848; x_wconf 69' lang='grc' dir='ltr'><strong><em>μειράκιονς</em></strong></span> 
     </span>
    </p>

    <p class='ocr_par' dir='ltr' id='par_1_16' title="bbox 264 3857 747 3951">
     <span class='ocr_line' id='line_1_35' title="bbox 264 3857 747 3951; baseline 0.017 -28"><span class='ocrx_word' id='word_1_243' title='bbox 264 3868 324 3923; x_wconf 79' lang='lat' dir='ltr'><strong><em>An.</em></strong></span> <span class='ocrx_word' id='word_1_244' title='bbox 357 3857 470 3930; x_wconf 85' lang='grc' dir='ltr'><strong><em>Αύτοῦ</em></strong></span> <span class='ocrx_word' id='word_1_245' title='bbox 489 3862 569 3949; x_wconf 83' lang='grc' dir='ltr'><strong><em>ἐμοῦ</em></strong></span> <span class='ocrx_word' id='word_1_246' title='bbox 586 3859 626 3931; x_wconf 86' lang='grc' dir='ltr'><strong><em>τὸ</em></strong></span> <span class='ocrx_word' id='word_1_247' title='bbox 645 3860 747 3951; x_wconf 69' lang='grc' dir='ltr'><strong><em>ἔργον.</em></strong></span> 
     </span>
    </p>

    <p class='ocr_par' dir='ltr' id='par_1_17' title="bbox 232 3955 1128 4157">
     <span class='ocr_line' id='line_1_36' title="bbox 232 3955 899 4054; baseline 0.021 -35"><span class='ocrx_word' id='word_1_248' title='bbox 232 4000 237 4019; x_wconf 87' lang='grc'><strong><em>.</em></strong></span> <span class='ocrx_word' id='word_1_249' title='bbox 264 3970 352 4027; x_wconf 81' lang='grc' dir='ltr'><strong><em>ΕΡΜ.</em></strong></span> <span class='ocrx_word' id='word_1_250' title='bbox 391 3963 511 4034; x_wconf 86' lang='grc' dir='ltr'><strong><em>Ούκούν</em></strong></span> <span class='ocrx_word' id='word_1_251' title='bbox 529 3964 661 4054; x_wconf 75' lang='grc' dir='ltr'><strong><em>ἐμάνης,</em></strong></span> <span class='ocrx_word' id='word_1_252' title='bbox 686 3955 899 4044; x_wconf 67' lang='grc' dir='ltr'><strong><em>ῶἍπολλονς</em></strong></span> 
     </span>
     <span class='ocr_line' id='line_1_37' title="bbox 265 4063 1128 4157; baseline 0.007 -28"><span class='ocrx_word' id='word_1_253' title='bbox 265 4073 326 4128; x_wconf 73' lang='lat' dir='ltr'><strong><em>All</em></strong></span> <span class='ocrx_word' id='word_1_254' title='bbox 363 4063 439 4150; x_wconf 81' lang='grc' dir='ltr'><strong><em>Ούκ,</em></strong></span> <span class='ocrx_word' id='word_1_255' title='bbox 459 4065 544 4135; x_wconf 80' lang='grc' dir='ltr'><strong><em>ἀλλὰ</em></strong></span> <span class='ocrx_word' id='word_1_256' title='bbox 562 4068 751 4157; x_wconf 85' lang='grc' dir='ltr'><strong><em>δυστύχημά</em></strong></span> <span class='ocrx_word' id='word_1_257' title='bbox 767 4095 802 4138; x_wconf 90' lang='grc' dir='ltr'><strong><em>τι</em></strong></span> <span class='ocrx_word' id='word_1_258' title='bbox 819 4064 975 4136; x_wconf 92' lang='grc' dir='ltr'><strong><em>ἀκούσιον</em></strong></span> <span class='ocrx_word' id='word_1_259' title='bbox 992 4063 1128 4156; x_wconf 79' lang='grc' dir='ltr'><strong><em>έγένετο.</em></strong></span> 
     </span>
    </p>
   </div>
   <div class='ocr_carea' id='block_1_8' title="bbox 0 0 1366 4634">
    <p class='ocr_par' dir='ltr' id='par_1_18' title="bbox 0 0 1366 4634">
     <span class='ocr_line' id='line_1_38' title="bbox 0 0 1366 4634; baseline 0 0"><span class='ocrx_word' id='word_1_260' title='bbox 0 0 1366 4634; x_wconf 95' lang='lat' dir='ltr'><strong><em> </em></strong></span> 
     </span>
    </p>
   </div>
  </div>
 </body>
</html>
