2752 4632
146 255 242 314 XVII.
254 255 356 311 ΠΕΡΙ
372 254 456 310 ΤΩΝ
470 256 544 311 ΕΠΙ
559 254 698 335 ΜΙΣΘῼ
714 256 947 313 ΣΥΝΟΝΤΩΝ
964 258 1056 313 ’ί-ῙΟ.
1090 242 1156 310 949

130 364 266 448 μεθέξει
284 361 395 448 αὐτῆς.
434 365 543 429 καίτοι
564 359 698 450 αἰσχρὸν
720 361 802 440 ἰ’σως
822 364 878 428 καὶ
899 358 1157 450 ἀνδραποδῶδες
1200 438 1205 445 .

127 460 329 532 ἀποδόσθαι
355 460 411 530 διά
437 462 558 551 ταύτην
584 462 716 530 ἑαυτόν·
737 461 832 530 πολύ
858 461 920 552 γὰρ
945 461 1047 553 ἡδίων
1073 462 1094 554 ἡ
1121 463 1157 532 &a

39 618 43 635 ,
127 573 188 656 τῆς
205 565 398 653 ἐλευθερίας
412 561 524 654 ἡδονή.
560 561 652 651 ὅμως
670 561 701 633 δῖ
716 555 774 633 οὖν
796 564 896 649 έχέτω
916 565 990 635 τινὰ
1011 567 1157 655 συγγνῶ-

129 696 193 757 μην
215 665 328 747 αὐτοῖς
354 667 384 734 εἰ
410 666 673 755 ἐπιτυγχάνοιτο·
703 664 742 735 τὸ
770 668 806 735 δδ
821 664 874 739 ’δί
892 665 1010 759 ἡδονῆς
1035 667 1156 745 έλπίδα

128 771 229 858 μόνον
247 766 374 849 πολλὰς
388 766 506 857 ἀηδίας
517 767 693 854 ἀπομένειν
705 771 841 856 γελοῖον,
862 768 965 855 οἶμαι,
984 773 1039 838 καί
1056 767 1156 859 ἀνύη-

126 898 196 953 τον,
214 873 270 939 καί
287 868 386 939 ταῦθ’
398 869 543 959 δρῶντας
561 868 607 951 ῶς
624 872 658 940 σί
673 874 734 958 μὲν
749 872 850 941 πόνοι
867 886 987 962 σαφεῖς
998 877 1053 940 καί
1071 873 1156 961 πρύ-

129 976 226 1063 δηλοι
240 976 298 1041 καὶ
315 970 496 1061 ἀναγκαῖοι,
515 971 554 1043 τὸ
573 975 610 1045 δὲ
622 973 833 1059 ἐλπιζόμενον
847 973 957 1058 έκεῖνο,
973 973 1157 1064 ’ὁτιδήποτέ

129 1076 212 1158 ἐστι,
230 1075 271 1143 τὸ
282 1073 347 1164 ηδύ
367 1072 443 1144 σύτο
460 1075 585 1164 ἐγένετό
603 1102 659 1146 πω
677 1077 839 1149 τοσούτου
854 1079 988 1165 χρόνον,
1015 1082 1157 1167 προσέτι

128 1179 170 1249 δέ
187 1174 264 1246 ούδέ
279 1178 609 1267 μετήσεσθαι-δῶκεν,
634 1180 668 1248 εί
680 1205 733 1260 τις
750 1179 785 1247 έν
800 1187 860 1268 τῆς
882 1178 1044 1269 ἀληθείας
1065 1183 1157 1267 λογί-

130 1281 233 1364 ζοιτο.
269 1281 303 1347 ολ
318 1284 377 1364 μέν
393 1307 431 1370 γε
446 1289 505 1349 τοῦ
520 1280 696 1363 Ὀδυσσέως
719 1281 846 1369 ἑταῖροι
867 1284 984 1370 γλυκύν
1004 1308 1078 1350 τινα
1099 1280 1157 1349 τὸν

128 1382 237 1453 λωτὸν
253 1381 423 1465 ἐσθίοντες
439 1382 584 1473 ἠμέλουν.
595 1391 662 1453 τῶν
679 1381 788 1455 ἀλλων
806 1388 860 1452 καί
882 1384 969 1474 πρὸς
988 1383 1029 1453 τὸ
1047 1382 1156 1475 παρὸν

127 1483 193 1576 ἡδύ
220 1491 287 1555 τῶν
310 1488 419 1566 καλῶς
445 1486 583 1570 ἐχόντων
607 1488 850 1577 κατεφρόνουνή
870 1483 956 1557 ὥστε
983 1484 1021 1556 ού
1047 1488 1156 1576 πάντη

130 1586 252 1677 ἀλομος
269 1584 375 1657 αὐτῶν
397 1586 418 1677 ἡ
441 1590 528 1679 λήθη
551 1596 610 1657 τοῦ
631 1593 746 1671 καλοῦ,
774 1588 860 1678 πρὸς
878 1598 928 1679 τῷ
949 1588 1025 1680 ἡδεῖ
1045 1589 1156 1677 ἐκείνῳ

127 1697 190 1779 τῆς
206 1698 314 1779 ψυχῆς
331 1692 574 1780 διατριβούσης.
600 1690 638 1760 τὸ
652 1693 691 1759 δὲ
702 1694 788 1780 λιμῷ
802 1694 940 1761 συνόντα
953 1697 1158 1783 ’παρεστῶτα

129 1790 222 1882 ἀλλην
240 1800 298 1861 τοῦ
316 1796 422 1860 λωτοῦ
441 1791 676 1882 ἐμφορουμένῳ
693 1796 795 1882 μηδὲν
810 1795 1020 1879 μεταδιδόντι
1037 1791 1093 1862 ἀπ’
1105 1792 1158 1862 έλ-

128 1897 233 1977 πίδος
249 1896 351 1985 μόνης
371 1902 431 1964 τοῦ
453 1892 513 1964 κάν
536 1893 636 1965 αύτδν
656 1896 940 1987 παραγεύσασθαί
960 1921 1044 1965 ποτε
1067 1897 1158 1963 δεδέ-

130 2004 318 2068 σθαι·τῶν
347 1994 455 2079 καλῶς
484 2002 540 2066 καὶ
556 1996 688 2088 ύρθῶς
722 1998 860 2083 ἐχόντων
895 1999 1156 2086 ἐπιλελησμένον,

125 2100 309 2191 Ἡράκλεις,
333 2098 379 2182 ῶς
393 2106 634 2189 καταγέλαστον
651 2105 705 2169 καὶ
723 2106 857 2191 πληγῶν
872 2127 970 2170 τινων
984 2098 1158 2188 Ὁμηρικῶν

131 2203 179 2285 ῶς
197 2202 334 2293 ἀληθῶς
352 2205 515 2289 δεόμενον.
545 2204 662 2291 τὰμὲν
679 2212 787 2273 τοίνυν
804 2201 890 2292 πρὸς
906 2202 966 2283 τὰς
984 2207 1158 2281 συνουσίας
1176 2223 1192 2273 9

132 2304 253 2388 αύτούς
270 2304 393 2394 ἀγοντα
408 2312 465 2374 καὶ
487 2304 544 2397 ἀφ’
561 2299 606 2375 ὦν
628 2304 746 2388 αύτούς
765 2312 919 2396 φέροντες
941 2304 1159 2394 ἐπιτρέπουσι

129 2422 206 2490 τοῖς
213 2412 387 2488 πλουσίοις
392 2416 541 2497 χρῆσθαι
555 2406 670 2497 πρδςύ
681 2437 714 2477 τι
728 2407 767 2476 ἀν
781 2410 933 2490 ἐθέλωσι,
952 2407 1057 2476 ταῦτά
1071 2406 1159 2475 ἔστιν

131 2509 156 2600 ἢ
167 2507 218 2579 δτι
229 2511 385 2600 ἐγγύτατα
393 2512 528 2594 τούτων,
548 2510 633 2601 πλὴν
645 2513 674 2579 εἰ
682 2510 727 2599 μη
739 2510 894 2580 κάκείνων
905 2537 957 2589 τις
968 2516 1160 2597 μεμνῆσθαι

134 2610 289 2697 ἀξιώσειε
306 2621 372 2682 τῶν
388 2618 444 2681 καλ
461 2615 544 2703 μόνη
562 2620 602 2704 τῇ
622 2615 701 2702 δόξῃ
724 2612 949 2703 ἐπαιρομένων
969 2617 1028 2679 τού
1052 2622 1159 2678 συνεί-

130 2743 191 2787 ναι
212 2714 428 2807 εὐπατρίδαις
448 2741 484 2783 τε
505 2718 561 2783 καὶ
583 2713 790 2805 εάπαρύφοις
812 2713 984 2803 ἀνδράσιν
1011 2712 1077 2782 είσὶ
1097 2710 1160 2799 γάρ

9 2844 10 2847 ’
132 2823 172 2888 οἳ
187 2823 242 2887 καὶ
258 2827 356 2888 τοῦτο
379 2821 600 2909 περίβλεπτον
621 2822 677 2886 καὶ
697 2815 781 2903 ύπέρ
802 2817 882 2896 τούς
902 2813 1047 2894 πολλοὺς
1067 2819 1161 2899 νομί-

134 2922 261 3006 ζουσιν,
289 2924 335 3003 ῶς
353 2923 452 3011 ἔγωγε
468 2919 591 3008 τούμδν
613 2922 700 2990 ’ίδιον
717 2917 794 2991 ούδέ
811 2923 944 3007 βασιλεῖ
963 2925 1010 3007 τῷ
1028 2917 1160 3005 μεγάλῳ

133 3023 217 3093 αὐτὸ
239 3025 340 3109 μόνον
362 3038 506 3094 συνεῖναι
527 3027 583 3092 καί
606 3023 711 3093 οννών
729 3021 1001 3112 δρᾶσθααμηδὲν
1020 3017 1161 3108 χρηστὸν

135 3122 318 3195 ἀπολαύων
331 3133 391 3213 τῆς
408 3133 584 3209 συνουσίας
601 3128 756 3215 δεξαίμην
779 3124 828 3194 ἀν.
864 3125 1019 3211 τοιαύτης
1041 3125 1078 3190 δὲ
1101 3119 1160 3189 αύ-
1178 3141 1211 3190 10

132 3240 209 3305 τοῖς
224 3233 283 3313 τῆς
300 3225 498 3308 ὑποθέσεως
515 3229 628 3316 ούσης,
653 3235 733 3316 φέρε
750 3225 813 3316 ἤδη
831 3227 917 3316 πρὸς
938 3225 1025 3314 ἡμᾶς
1043 3223 1162 3302 αύτούς

130 3327 414 3418 ,έπισκοπήσωμεν
436 3327 492 3397 σία
513 3332 572 3414 μέν
593 3329 661 3417 πρὸ
682 3336 742 3396 τοῦ
765 3329 962 3414 ἀσδεχθῆναι
983 3329 1040 3392 καὶ
1055 3337 1175 3406 τυχεῖν·

133 3429 372 3516 ὑπομένουσιν,
401 3429 457 3498 σία
475 3429 505 3498 δ’
522 3431 555 3499 έν
573 3428 661 3518 αύτῷ
683 3427 745 3518 ἤδη
765 3426 855 3509 ὄντες
876 3429 1077 3510 πάσχουσιν,
1106 3425 1163 3493 ἐπὶ

8 3570 9 3619 7
135 3540 226 3605 πᾶσι
243 3535 281 3602 δὲ
296 3530 369 3623 ἥτις
386 3530 498 3613 αύτοῖς
518 3529 540 3621 ἡ
562 3528 773 3619 καταστροφὴ
794 3537 853 3598 τοῦ
877 3530 1044 3615 δράματος
1060 3533 1163 3614 μίμνε-

137 3657 209 3705 ται
231 3633 271 3705 ού
288 3635 350 3725 γὰρ
370 3633 408 3725 δη
428 3633 529 3704 ἐκεῖνό
532 3660 584 3722 με
602 3634 744 3702 &mist
726 3657 822 3713 εστιν,
847 3629 893 3712 ῶς
915 3633 945 3700 εί
962 3634 1016 3699 καί
1034 3627 1163 3718 πονηρὰ

8 3750 10 3759 “
137 3745 257 3821 ταῦτα,
285 3734 432 3827 εύληπτα
446 3745 526 3826 1γοῦν
547 3740 602 3807 καὶ
624 3763 671 3805 ον
651 3735 811 3805 πολλοῦ
835 3736 945 3825 δεήσει
966 3740 1025 3803 τού
1047 3733 1162 3839 πόνον,

139 3838 208 3911 ἀλλ’
225 3842 384 3930 ἀθελησαι
401 3844 465 3909 δεῖ
462 3840 577 3925 μόνον,
601 3836 672 3908 είτά
691 3863 747 3908 σοι
762 3835 999 3927 πέπρακται
966 3863 1006 3935 το
1027 3842 1095 3905 πῶν
1113 3809 1166 3902 εό-

140 3951 267 4029 μαρῶς·
286 3942 370 4012 ἀλλὰ
387 3947 512 4033 πολλῆς
527 3943 586 4028 μέν
602 3949 663 4032 τῆς
678 3944 866 4032 διαδρομης,
886 3928 1037 4023 συνεχοος
1055 3939 1090 4005 δὲ
1106 3944 1164 4026 τῆς

138 4050 334 4136 θυραυλίας,
355 4047 460 4116 ἕωθέν
468 4072 504 4115 τε
518 4044 764 4131 ἐξανιστάμενον
777 4048 961 4132 περιμένειν
974 4038 1166 4126 ὠθούμενον
