2724 4634
314 245 396 329 m
419 245 533 304 θΕΩΝ
553 245 766 303 ΔῙΑΔΟΓΟΙ
786 245 880 302 14.15.
1074 235 1115 301 79

131 363 222 423 Em
257 356 351 432 Πώςς
368 348 475 420 ἐθέλω
492 348 556 442 γάρ
574 346 715 420 ἀκούσαι
729 348 788 419 τὸν
803 349 940 441 τρόπον.

132 468 196 523 AIL
230 452 402 525 Δισκεύειν
419 451 585 540 ἐμάνθανε
605 449 696 541 κάγώ
719 453 945 522 συνεδίσκευον
962 450 1066 543 αύτῷ,
1095 450 1149 526 δε

78 560 118 630 δέ
139 559 283 627 κάκιστα
305 552 432 643 ἀνέμων
455 551 684 642 ἀπολούμενος
703 552 722 625 ό
743 560 895 646 Ζέφυρος
915 550 980 646 ἤρα
1000 557 1059 642 μέν
1081 556 1117 625 ἐκ

76 664 210 732 πολλοῦ
234 662 291 729 καλ
315 655 430 741 αὐτὸς,
463 655 683 745 ἀμελούμενος
709 658 826 726 δὲκαὶ
850 656 896 747 μὴ
922 664 1033 749 φέρων
1057 658 1115 750 τὴν

77 761 286 852 δπεροψίαν,
315 759 378 851 ἐγώ
404 760 463 848 μέν
489 759 666 852 ἀνέρριψα,
703 756 817 851 ὥσπερ
844 760 1021 845 εἰώθεμεν,
1057 759 1116 830 τὸν

79 867 196 936 δίσκον
214 864 248 948 ές
267 863 308 935 τὸ
326 863 408 948 ἀνω,
437 859 512 933 όδὲ
533 860 603 932 ἀπὸ
625 870 684 932 τοῦ
704 868 867 953 Ταϋγέτου
888 866 1116 946 καταπνεύσας

78 968 139 1039 ἐπὶ
156 965 302 1058 κεφαλὴν
318 973 367 1056 τῷ
383 968 483 1036 παιδὶ
505 965 646 1047 ἐνέσεισε
668 971 779 1055 φέρων
797 962 909 1049 αύτδν,
937 960 1024 1035 ώστε
1045 964 1114 1035 ἀπὸ

9 1094 11 1157 η
75 1077 140 1162 τῆς
157 1075 285 1162 πληγῆς
307 1068 391 1155 αἷμά
412 1096 448 1138 τε
466 1071 582 1159 ῥυῆναι
602 1066 689 1138 πολὺ
707 1071 764 1137 καὶ
783 1066 841 1137 τὸν
861 1069 970 1137 παῖδα
987 1064 1116 1150 εύθέως

9 1170 11 1193 ¹
78 1170 280 1243 ἀποθανεῖν.
315 1168 385 1240 ἀλλ’
400 1169 464 1260 ἐγὼ
481 1170 539 1242 τὸν
559 1172 618 1258 μέν
635 1176 784 1262 Ζέφυρον
806 1168 924 1239 αύτίκα
944 1167 1115 1261 ἠμυνάμην

9 1264 11 1319 Ϊ
76 1275 336 1357 κατατοξεύσας,
355 1276 510 1363 φεύγοντι
528 1272 753 1361 ἐπισπόμενος
766 1269 843 1365 ἀχρι
859 1281 918 1342 τοῦ
937 1269 1047 1363 όρους,
1065 1280 1115 1363 τῷ

9 1410 10 1417 “
76 1379 181 1449 παιδὶ
197 1378 233 1446 δέ
245 1379 301 1445 καλ
313 1377 421 1467 τάφου
436 1376 607 1465 ἐχωσάμην
621 1373 843 1463 ἐνίίμύκλαις,
863 1371 950 1445 όπου
969 1373 987 1444 ό
1003 1378 1114 1458 δίσκος

9 1474 11 1491 ’
78 1477 182 1550 αύτὸυ
204 1482 375 1566 κατέβαλε,
402 1482 459 1547 καί
479 1475 627 1548 ἀπὸτοῦ
645 1480 786 1566 αἵματος
808 1476 915 1559 άνθος
936 1475 1116 1548 ἀναδοῦναι

9 1588 10 1631 ἱ
75 1582 136 1674 τὴν
153 1589 214 1672 γῆν
231 1581 374 1671 ἐποίησα
390 1578 537 1671 ἥδιστον,
558 1572 707 1671 ώἙρμῆ,
725 1584 781 1649 καὶ
798 1578 1040 1650 εύανθέστυτον
1058 1579 1115 1651 ἀν-

75 1691 171 1755 θέων
198 1681 368 1768 ἀπάντων,
396 1685 446 1753 ἐ’τι
470 1687 526 1752 καὶ
551 1684 729 1773 γράμματα
751 1683 823 1768 έχον
845 1684 1046 1768 ἐπαιάζοντα
1066 1691 1114 1774 τῷ

76 1795 191 1880 νεκρῷ.
228 1778 294 1876 ἀρά
312 1813 368 1857 σοι
386 1783 514 1876 ἀλόγως
531 1790 742 1876 λελυπῆσθαι
761 1789 864 1872 δοκώ,·

130 1903 220 1959 ΕΡΜ.
253 1893 335 1973 Ναί,
355 1880 559 1960 ώῗίπολλον·
576 1889 668 1982 ᾔδεις
679 1887 741 1981 γὰρ
754 1888 878 1978 θνητὸν
890 1893 1114 1979 πεποιημένος

75 1991 138 2062 τὸν
157 1992 331 2085 ἐρώμενον·
358 1989 444 2063 ώστε
460 1991 506 2084 μὴ
525 1990 634 2078 ἀχθου
653 1989 898 2074 ἀποθανόντος.

577 2178 619 2234 15.

323 2282 472 2339 EPMO'I'
493 2281 567 2338 ΚΑΙ
587 2282 867 2340 ΑΠΟΛΛΩΝΟΣ.

10 2388 12 2473 ί
129 2413 220 2470 EPM
267 2400 310 2471 Τὸ
338 2403 375 2471 δέ
399 2406 455 2471 καί
478 2401 586 2488 χωλὸν
613 2400 713 2471 αύτὸν
735 2401 815 2474 ὄντα
835 2408 891 2471 καλ
910 2406 1032 2487 χαλκέα
1052 2400 1141 2492 τῆνι

10 2508 12 2577 ῗ
75 2510 203 2595 τέχνην,
231 2496 445 2587 ώάέίπολλον,
471 2503 532 2586 τὰς
549 2508 725 2587 καλλίστας
741 2511 969 2594 γεγαμηκέναι,
996 2506 1054 2596 τήν
1074 2531 1111 2574 τε

10 2596 12 2605 ¹
71 2605 267 2699 Άφροδίτην
284 2612 339 2677 καὶ
355 2607 413 2699 τὴν
429 2610 547 2699 Χάριν.

127 2722 190 2777 ΑΠ.
224 2707 403 2799 Εὐποτμία
419 2739 484 2794 τις,
503 2703 654 2801 ώἙρμῆ·
671 2710 756 2801 πλὴν
769 2710 872 2781 ἐκεῖνό
884 2736 922 2800 γε
934 2710 1109 2795 θαυμάζω,

74 2809 113 2882 τό
133 2809 315 2896 ἀνέχεσθαι
332 2816 493 2895 συνούσας
511 2810 615 2903 αύτῷ,
642 2817 698 2883 καλ
720 2816 866 2901 μάλιστα
886 2810 966 2883 όταν
989 2810 1110 2903 δρῶσιν

76 2915 196 3003 ἱδρῶτι
213 2916 379 3006 ῥεόμενον,
403 2914 438 2997 ἐς
453 2915 511 3008 τὴν
527 2917 663 3003 κάμινον
681 2916 916 3008 ἐπικεκυφότα,
935 2917 1040 2986 πολύν
1058 2917 1111 2987 αἵ-

74 3020 186 3086 θαλυν
200 3016 258 3086 ἐπλ
270 3023 330 3087 τού
342 3019 529 3108 προσώπου
544 3020 672 3104 έχοντα·
689 3024 745 3089 καί
759 3016 851 3108 όμως
866 3027 1017 3090 τοιοῦτον
1031 3015 1111 3090 ἀντοι

74 3120 319 3209 περιβάλλουσί
334 3145 371 3189 τε
389 3118 487 3191 αὐτὸν
504 3122 560 3190 καί
577 3126 714 3214 φιλοῦσι
729 3127 786 3192 καλ
803 3125 1079 3213 συγκαθεύδουσι.

126 3230 216 3286 EPM·
264 3229 368 3291 Τοῦτο
393 3227 450 3292 καλ
475 3223 575 3306 αότὸς
601 3222 772 3314 ἀγανακτῶ
797 3229 853 3294 καὶ
873 3233 921 3315 τῷ
940 3222 1109 3316 Ἡφαίστῳ

77 3331 216 3415 φθονῶ·
242 3324 283 3394 σύ
302 3326 339 3395 δέ
355 3326 455 3413 κόμα,
472 3319 685 3411 ’ώὶίίπυλλυη
712 3331 768 3396 καλ
783 3329 937 3418 κιθάριζε
953 3330 1009 3396 καλ
1025 3331 1110 3413 μέγα

76 3425 135 3496 ἐπὶ
151 3433 201 3516 τῷ
218 3427 331 3497 κάλλει
348 3429 478 3519 φρόνει,
505 3427 595 3518 κάγώ
618 3430 675 3500 έπλ
696 3436 737 3521 τῇ
754 3428 863 3520 εὐεξίᾳ
879 3433 935 3498 καὶ
951 3435 992 3520 τῇ
1010 3429 1109 3518 λύρη·

75 3526 162 3613 εἶτα,
184 3528 319 3601 ἐπειδὰν
335 3537 522 3618 κοιμᾶσθαι
540 3535 610 3623 δέη,
628 3534 727 3619 μόνοι
743 3533 1002 3621 καθευδήσομεν.

128 3644 191 3699 Au
223 3628 304 3720 Ἐγὼ
321 3634 381 3719 μέν
398 3619 454 3702 καί
472 3631 580 3715 άλλως
597 3634 820 3726 ἀναφρόδιτός
837 3632 906 3719 εἰμι
924 3633 958 3713 ἐς
969 3630 1012 3702 τά
1026 3630 1107 3721 ἐρω-
1124 3651 1140 3701 2

73 3734 167 3802 τικά·
195 3734 255 3803 δύο
272 3741 364 3823 γοῦν,
392 3736 451 3816 ούς
466 3737 611 3822 μάλιστα
627 3734 798 3828 ἠγάπησα,
824 3734 882 3825 τὴν
899 3736 1036 3826 Δάφνην
1052 3736 1108 3801 καλ

73 3832 321 3921 τὸνῪάκυιθον,
339 3835 360 3928 ἡ
376 3840 436 3927 μέν
444 3839 561 3930 Δάφνη
581 3836 685 3920 ούτως
703 3839 839 3928 ἐμίσησέ
849 3864 891 3925 με
905 3834 991 3906 ώστε
1003 3837 1108 3905 εἵλετο

75 3938 174 4021 ξύλον
181 3945 340 4028 γενέσθαι
347 3939 585 4032 μᾶλλονῆέμολ
594 3955 746 4025 συνεῖναι,
756 3938 986 4010 τὸνὙάκινθυν
995 3939 1031 4006 δέ
1039 3934 1108 4007 ύπδ

74 4047 136 4110 τοῦ
150 4042 264 4112 δίσκου
278 4039 451 4131 ἀπώλεσα,
467 4049 522 4116 καὶ
534 4053 589 4118 νῦν
603 4042 668 4115 ἀντ’
684 4044 812 4115 ἐκείνων
825 4044 1008 4136 στεφάνους
1020 4041 1094 4127 έχω.
