2722 4646
376 232 787 290 111.N1r1>1N022e-33.
1053 208 1100 287 23

69 341 228 428 λογοῦσιν,
249 334 285 405 οἱ
299 336 358 422 μέν
372 335 519 427 ἐσθῆτας
533 336 663 419 ἑαυτοῖς
674 339 859 421 κελεύοντες
871 342 1099 428 συγκαταφλέ-

67 449 188 530 γεσθαι
204 446 271 507 τῶν
289 437 383 526 παρὰ
399 439 456 508 τὸν
472 447 546 526 βίον
555 446 689 526 τιμίων,
712 442 747 509 οί
764 443 800 509 δὲ
820 444 876 509 καὶ
896 447 1096 531 παραμένειν

66 543 155 624 τινὰς
174 543 304 623 οἰκέτας
320 554 392 623 τοῖς
407 543 544 632 τάφοις,
564 543 647 612 ἐ’νιοι
664 545 701 611 δὲ
717 547 772 612 καὶ
790 550 923 632 στέφειν
939 543 1001 626 τὰς
1018 545 1098 634 στή-

65 650 120 727 λας
144 641 296 726 άνθεσιν,
320 642 454 735 εύήθεις
476 644 527 713 ἔτι
547 649 603 713 καί
624 645 718 736 παρὰ
739 645 797 736 τήν
813 644 963 735 τελευτὴν
981 648 1097 733 διαμέ-

65 772 184 828 νοντες.
214 747 353 828 εἰκάζειν
365 737 423 814 οὖν
435 742 528 835 ἠξίου
541 753 577 816 τί
588 754 779 839 πέπρακται
790 749 922 828 τούτοις
933 747 1026 839 παρὰ
1039 747 1097 818 τὸν
1115 771 1146 823 31

64 858 145 940 βίον,
176 849 211 917 εί
228 856 368 917 τοιαῦτα
389 853 468 937 περί
487 856 554 918 τῶν
573 850 657 937 μετὰ
673 850 732 919 τὸν
747 856 821 938 βίον
839 849 1096 939 ἐπισκήπτουσι·

63 955 204 1034 τούτους
220 950 283 1041 γὰρ
301 948 385 1019 εἶναι
397 950 473 1032 τούς
485 951 524 1020 τὸ
537 955 714 1034 πολυτελὲς
726 951 814 1041 όψον
827 951 1029 1038 ὠνουμένους
1041 956 1098 1021 καὶ

63 1056 118 1126 τὸν
138 1053 231 1125 οἶνον
248 1054 281 1122 έν
299 1066 370 1134 τοῖς
388 1061 590 1139 συμποσίοις
606 1055 690 1141 μετὰ
705 1059 832 1146 κρόκων
843 1081 879 1123 τε
891 1059 947 1122 καὶ
960 1053 1097 1145 ἀρωμά-

62 1185 127 1228 των
141 1157 322 1242 έτχέοντας,
335 1154 412 1236 τοὺς
424 1162 527 1242 μέσου
538 1165 699 1244 χειμῶνος
712 1158 979 1244 ἐμπιπλαμένους
990 1158 1097 1248 ῥόδων

62 1265 117 1330 καὶ
132 1258 176 1329 τὸ
195 1259 338 1328 σπάνιον
355 1256 464 1328 αότιῦν
479 1263 536 1328 καί
547 1259 642 1351 παρὰ
653 1259 768 1348 καιρὸν
780 1258 991 1349 ἀγαπῶντας,
1009 1258 1049 1329 τὸ
1063 1257 1095 1327 δ’

63 1363 96 1434 ἐν
121 1367 232 1451 καιρῷ
259 1364 315 1429 καὶ
338 1359 550 1451 κατὰφύσιν
576 1360 622 1443 ὥς
644 1360 771 1444 εύτελές
791 1362 1097 1454 ὑπερηφανοῦντας·

62 1466 204 1545 τούτους
222 1460 307 1533 εἶναι
323 1463 401 1544 τούς
417 1467 473 1531 καί
489 1463 532 1532 τὰ
547 1466 637 1554 μύρα
653 1471 822 1547 πίνοντας,
843 1466 862 1534 ὃ
879 1471 935 1535 καί
951 1469 1098 1552 μάλιστα

63 1571 215 1657 διέσυρεν
233 1563 350 1647 αύτιύν,
370 1561 423 1635 ότι
439 1568 523 1653 μηδὲ
533 1573 681 1654 χρῆσθαι
693 1569 788 1637 ἰ’σασι
800 1581 873 1648 ταῖς
888 1569 1095 1654 ἐπιθυμίαις,

12 1664 14 1669 ’
61 1670 148 1741 ἀλλὰ
165 1666 227 1738 κάν
243 1670 381 1750 ταύταις
397 1676 630 1757 παρανομοῦσι
646 1673 702 1737 καὶ
718 1669 795 1749 τοὺς
813 1666 911 1757 ὅρους
924 1676 1098 1758 συγχέουσι

61 1777 236 1847 πάντοθεν
252 1780 294 1863 τῇ
310 1779 419 1863 τρυφῇ
432 1773 638 1860 παραδόντες
652 1770 760 1841 αὑτῶν
773 1773 832 1854 τὰς
844 1773 956 1861 ψυχὰς
967 1788 1095 1856 πατεῖν,

61 1881 238 1946 καὶτοῦτο
257 1875 297 1964 δή
314 1875 353 1944 τὸ
372 1874 406 1944 ἐν
422 1889 497 1957 ταῖς
513 1878 713 1964 τραγῳδίαις
724 1901 761 1944 τε
773 1880 829 1943 καὶ
841 1878 1031 1964 κωμῳδίαις
1044 1880 1098 1943 λε-

63 1980 211 2070 γόμενον,
229 1974 293 2069 ήδη
311 1981 367 2046 καί
383 1977 477 2068 παρὰ
494 1980 603 2067 θύραν
621 1977 858 2064 έσβιαζόμενοι.
885 1975 1097 2060 σολοικισμὸν

64 2074 124 2151 ούν
145 2080 256 2150 ἐκάλει
276 2078 316 2148 τὸ
338 2088 489 2149 τοιοῦτον
508 2087 575 2148 τῶν
595 2078 730 2169 ἡδονῶν.
767 2077 836 2148 ἀπὸ
860 2080 896 2147 δέ
916 2086 976 2167 τῆς
997 2075 1097 2166 αότής
1114 2098 1148 2150 32

63 2185 196 2275 γνώμης
211 2181 342 2250 κάκεῖνο
359 2182 465 2269 έλεγεν
482 2179 625 2266 ἀτεχνῶς
640 2189 698 2250 τοῦ
707 2183 835 2269 Μώμου
851 2180 909 2251 τόν
927 2179 1024 2270 λόγον
1041 2207 1098 2266 μι-

62 2288 268 2376 μησάμενος·
287 2282 333 2364 ὥς
349 2284 411 2373 γὰρ
430 2283 550 2365 ἐκεῖνος
567 2284 732 2376 ἐμέμφετο
749 2292 809 2354 τοῦ
825 2287 948 2374 ταύρου
965 2282 1022 2353 τόν
1040 2284 1098 2374 δη-

63 2385 226 2478 μιουργδν
246 2386 329 2456 θεὸν
351 2384 390 2455 ού
412 2393 584 2477 προθέντα
604 2395 671 2455 τῶν
693 2386 881 2478 ὀφθαλμῶν
901 2387 945 2457 τὰ
966 2392 1096 2478 κέρατα,

65 2491 156 2562 ούτω
183 2489 223 2579 δή
245 2493 302 2557 καί
323 2488 423 2570 αότὸς
443 2488 560 2579 ήτιᾶτο
580 2497 648 2557 τῶν
669 2497 950 2580 στεφανουμένων,
978 2486 1031 2558 ότι
1051 2487 1097 2577 μή

63 2599 161 2664 ἰ’σασι
177 2598 238 2661 τού
257 2593 421 2681 στεφάνου
439 2591 496 2661 τὸν
512 2593 632 2660 τόπον·
651 2593 683 2660 εί
698 2594 761 2680 γάρ
773 2619 840 2674 τοι,
861 2592 938 2681 ἔφη,
957 2598 997 2680 τῇ
1011 2596 1097 2680 πνοῇ

63 2705 129 2766 τῶν
150 2698 214 2766 ἰ’ων
234 2720 270 2764 τε
291 2698 347 2763 καὶ
368 2696 475 2784 ῥόδων
494 2699 674 2784 χαίρουσιν,
701 2691 770 2762 ὑπὸ
795 2701 836 2784 τῇ
863 2696 928 2785 ῥινὶ
952 2693 1097 2778 μάλιστα

64 2800 159 2890 έχρήν
182 2796 302 2878 αύτούς
323 2804 511 2888 στέφεσθαι
528 2794 606 2888 παρ’
618 2795 718 2886 αύτήν
736 2794 782 2878 ὥς
799 2794 871 2865 οίόν
887 2821 928 2887 τε
941 2794 1001 2884 τήν
1017 2792 1098 2862 ἅνα-

63 2901 180 2992 πνοήν,
199 2898 239 2970 ἵν’
250 2898 298 2981 ὥς
314 2903 470 2969 πλεῖστον
487 2897 639 2969 ἀνέσπων
655 2907 714 2990 τῆς
730 2897 858 2988 ήδονής.
884 2896 1021 2989 καὶμὴν
1038 2894 1098 2964 κύ·
1115 2918 1148 2970 88

63 3013 193 3084 κείνους
214 3005 343 3090 διεγέλα
364 3001 441 3083 τοὺς
463 3004 656 3089 θαυμάσιόν
677 3028 752 3072 τινα
773 3001 830 3092 τήν
854 3000 1002 3090 σπουδήν
1019 3002 1098 3087 περὶ

62 3107 107 3176 τὰ
126 3109 246 3176 δεῖπνα
262 3111 483 3190 ποιουμένους
496 3111 609 3191 χυμῶν
625 3130 661 3173 τε
682 3109 865 3185 ποικιλίαις
885 3107 942 3172 καὶ
962 3103 1099 3188 πεμμά-

62 3237 131 3279 των
148 3216 367 3300 περιεργίαις·
389 3207 523 3297 καὶγὰρ
542 3199 582 3276 σύ
599 3213 655 3275 καί
670 3209 808 3289 τούτους
825 3207 966 3297 ἔφασκεν
988 3205 1098 3294 ὀλιγο-

61 3318 197 3403 χρονίου
218 3335 256 3380 τε
276 3312 333 3377 καὶ
353 3316 509 3399 βραχείας
530 3308 649 3399 ἡδονῆς
671 3310 769 3396 ἔρωτι
789 3308 918 3390 πολλὰς
942 3332 1098 3395 πραγμα,

64 3411 360 3500 τείαςόπομένειν·
375 3412 625 3502 ύπέφαινεγοῦν
632 3413 797 3500 τεττάρων
806 3413 974 3481 δακτύλων
983 3408 1098 3488 αὐτοῖς

65 3518 158 3586 ἕνεκα
176 3517 288 3586 πάντα
304 3523 488 3584 πονεῖσθαι
503 3514 562 3584 τὸν
578 3515 691 3596 πόνον,
715 3511 766 3604 ἐφ’
787 3510 886 3595 όσους
904 3511 922 3580 ό
939 3513 1098 3601 μήκιστος

63 3618 253 3709 άνθριόπου
274 3618 394 3703 λοιμός
415 3615 517 3685 ἐστιν·
543 3614 621 3686 σύτο
641 3617 704 3708 γὰρ
721 3619 801 3703 πρὶν
818 3615 985 3704 ἐμφαγεῖν,
1009 3609 1097 3680 ἀπο-

64 3724 179 3792 λαύειν
193 3748 229 3791 τι
244 3727 311 3790 τῶν
328 3721 524 3808 ἐωνημένων,
545 3717 620 3788 σύτο
631 3725 829 3808 βρωθέντων
841 3714 924 3805 ήδίω
938 3720 1097 3805 γενέσθαι

63 3823 122 3916 τήν
137 3823 209 3895 ἀπὸ
221 3831 290 3894 τῶν
301 3825 584 3912 πολυτελεστέρων
596 3822 800 3910 πλησμονήν·
819 3818 937 3889 λοιπὸν
947 3809 1002 3888 ούν
1012 3815 1096 3889 εἶναι

64 3926 123 4019 τήν
140 3928 177 3998 ἐν
192 3933 234 4019 τῇ
250 3925 391 4016 παρόδῳ
406 3929 595 4016 γιγνομένην
612 3922 730 4013 ἡδονήν
746 3924 914 3993 τοσούτων
931 3919 1096 3991 ὠνεῖσθαι

64 4032 250 4123 χρημάτων.
278 4029 390 4098 είνότα
408 4030 444 4097 δέ
460 4028 600 4112 πάσχειν
618 4025 723 4114 έλεγεν
736 4022 853 4106 αὐτοὺς
865 4022 921 4095 ὑπ’
933 4023 1097 4095 ἀπαιδευ-
