2740 4648
413 267 509 323 xxn.
536 268 696 323 ττνειυ
719 269 803 323 1-4.
869 248 873 253 ’
1061 254 1122 318 331

96 373 324 463 ἀναπηδῶντες
337 370 511 453 ἐπαινοῖεν,
529 372 614 455 τάχα
623 378 683 458 μέν
694 400 729 439 τι
741 375 795 440 καί
810 370 888 440 αάτδ
902 376 1000 442 τοῦτο
1013 395 1125 462 προσ-

20 540 21 563 ,
97 482 237 566 αγεσδαι
254 472 389 555 αύτούς·
417 470 541 563 ἀληθές
561 474 624 564 γάρ
648 472 792 543 εἶναιτὸ
814 483 873 544 τοῦ
888 473 1036 565 Ὁμήρου,
1070 472 1123 541 ἀεὶ

20 570 22 655 λ
95 579 149 669 τὴν
166 583 240 647 νέαν
258 574 344 666 ᾠδὴν
360 583 590 665 κεχαρισμένην
607 576 766 666 ὑπάρχειν
783 591 854 659 τοῖς
873 576 1060 646 ἀκούουσιν·
1083 573 1122 644 ού

19 694 20 701 ’
95 681 155 769 μὴν
176 681 335 750 τοσοῦτόν
357 705 393 766 γε
414 677 493 747 οόδδ
515 675 591 748 όλον
613 687 652 770 τῇ
674 683 841 769 καινότητι
866 682 974 765 νέμειν
996 678 1120 768 ἠξίουν,

96 781 176 852 ἀλλά
194 781 254 872 τίμ
270 783 329 867 μὲν
351 777 465 869 δι’σπερ
484 781 516 849 ἐν
534 784 850 873 προσθήκηςμοίρρ
872 796 1120 867 συνεπικοσμεῖν

95 889 198 955 τεκαὶ
220 884 307 975 πρὸς
326 884 383 952 τὸν
406 884 542 953 ἔπαινον
564 889 726 954 συντελεῖν
747 888 803 953 καὶ
820 881 929 972 αάτὴν,
953 883 995 953 τά
1019 886 1055 951 δὲ
1071 890 1119 972 τη]

96 985 163 1057 ἀντι
185 986 406 1077 ἐπαινούμενα
426 990 482 1054 καὶ
503 984 571 1057 ἀπὸ
592 995 659 1056 τῶν
681 986 864 1056 ἀκουόντων
887 985 1120 1076 εὐφημούμενα

96 1088 199 1159 έκεῖνο
217 1086 311 1157 εἶναι.
347 1084 433 1157 ὥστε
455 1086 496 1156 ού
515 1096 657 1177 μετρίως
678 1089 826 1180 έπῄρμην
847 1093 902 1159 καλ
921 1088 1120 1157 ἐκινδύνευον

96 1191 260 1262 πιστεύειν
287 1188 400 1271 αύτοῖς
426 1191 482 1259 ἕνα
506 1195 563 1259 καὶ
587 1193 700 1277 μόνον
715 1193 747 1260 έν
772 1188 1007 1280 τοῑςἚλλησιν
1029 1189 1119 1259 ἐἶναι

96 1297 224 1382 λέγουσι
241 1291 354 1360 καὶτὰ
371 1300 518 1361 τοιαῦτα.
553 1293 592 1362 τὸ
611 1296 647 1362 δδ
665 1294 748 1363 κατὰ
765 1293 822 1386 τὴν
844 1300 1036 1383 παροιμίαν,
1062 1291 1118 1360 ἀν-

96 1404 216 1484 θρακες
233 1391 324 1484 ἡμῶν
343 1392 361 1462 δ
379 1395 551 1485 θησαυρός
567 1388 659 1485 ἦσαν,
683 1402 739 1465 καὶ
761 1396 872 1486 ὀλίγον
896 1399 960 1465 δέω
983 1402 1119 1481 θαυμα-

96 1504 234 1569 τοποιού
251 1497 491 1595 τινοςδόπαινον
509 1497 726 1568 ἐπαινεῖσθαι
746 1499 832 1587 πρὸς
856 1496 973 1566 αότιῦν.
1011 1497 1152 1568 ίδέλωε

98 1590 201 1669 δ’ὀύν
218 1596 293 1684 ύμῖν
312 1603 370 1667 καί
391 1599 429 1668 τὸ
449 1604 511 1667 τοῦ
527 1607 680 1690 γραφέως
703 1603 943 1689 διηγήσασθαι·
968 1599 986 1669 ό
1005 1605 1119 1682 Ζεῦξις

97 1700 215 1781 ἐκεῖνος
241 1698 376 1790 ἀριστος
401 1707 553 1792 γραφέων
579 1703 750 1791 γενόμενος
775 1702 817 1770 τὰ
840 1704 974 1791 δημώδη
999 1699 1120 1769 καὶτὰ

96 1803 188 1873 κοινὰ
209 1810 313 1872 ταῦτα
335 1801 394 1872 ούκ
415 1804 568 1894 ἔγραφεν,
595 1801 700 1893 ἢόσα
720 1806 807 1873 πάνυ
832 1803 939 1891 ὀλίγα,
967 1801 1077 1893 ἥρωας
1099 1801 1121 1893 ἢ

95 1905 198 1985 θεοὺς
218 1903 239 1993 ἢ
262 1908 441 1991 πολέμους,
470 1904 522 1975 ἀεὶ
547 1909 586 1975 δέ
605 1901 808 1976 καινοποιεῖν
830 1906 985 1995 ἐπειρᾶτο
1006 1911 1063 1971 καί
1087 1932 1122 1973 τι

97 2005 273 2076 ἀλλόκοτον
295 2005 335 2075 ἀν
356 2011 412 2075 καὶ
433 2011 522 2090 ξένον
544 2008 722 2098 ἐπινοήσας
742 2007 794 2077 ἐπ’
811 2009 920 2096 ἐκείνῳ
946 2006 1004 2096 τὴν
1030 2004 1121 2093 ἀκρί-

95 2116 187 2198 βειαν
204 2116 262 2199 τῆς
282 2115 394 2198 τέχνης
416 2109 636 2181 ἀπεδείκνυτο·
663 2112 697 2180 έν
719 2114 756 2180 δέ
776 2125 848 2191 τοῖς
866 2108 978 2190 ἀλλοις
1000 2110 1121 2196 τολμή-

95 2238 179 2299 μασι
195 2216 251 2280 καὶ
272 2214 409 2300 θήλειαν
423 2211 690 2302 Ἱπποκένταυρον
712 2212 730 2282 ό
749 2216 863 2295 Ζεῦξις
885 2210 984 2292 αὐτὸς
1006 2211 1121 2300 ἐποίη-

97 2339 161 2397 σεν,
194 2313 442 2404 ἀνατρέφουσάν
471 2344 508 2404 γε
539 2324 677 2405 προσέτι
707 2317 833 2385 παιδίω
858 2314 1120 2402 Ἱπποκενταύρω

97 2417 223 2503 διδύμω
246 2419 363 2507 κομιδῇ
385 2425 503 2506 νηπίω.
542 2428 600 2508 τῆς
627 2420 750 2498 είκόνος
771 2420 891 2506 ταύτης
919 2415 1119 2506 ἀντίγραφός

96 2517 167 2587 έστι
183 2526 238 2587 νύν
251 2517 408 2608 Ἀθήνησι
425 2520 510 2609 πρὸς
528 2519 625 2609 αὐτὴν
644 2521 763 2608 ἐκείνην
782 2517 910 2608 ἀκριβεῖ
925 2526 965 2607 τῇ
984 2520 1120 2607 στάθμη

93 2628 358 2710 μετενηνεγμένη·
379 2621 419 2691 τὸ
436 2619 618 2710 ἀρχέτυπον
637 2621 667 2690 δ’
680 2621 761 2691 αύτὸ
779 2624 905 2701 Σύλλας
923 2618 941 2688 δ
956 2618 1121 2704 Ῥωμαίων

95 2722 276 2812 στρατηγὸς
298 2724 424 2814 ἐλέγετο
446 2723 616 2809 μετὰτῶν
639 2721 745 2793 ἀλλων
767 2725 814 2804 είς
829 2721 966 2793 Ἰταλίαν
987 2747 1121 2805 πεπομ-

95 2829 202 2913 φέναι,
223 2823 294 2895 εἶτα
311 2830 389 2917 περὶ
405 2830 545 2909 Μαλέαν,
567 2825 673 2912 οἶμαι,
693 2828 878 2914 καταδύσης
891 2832 952 2913 τῆς
970 2820 1118 2905 ὁλκάδος,
1142 2878 1143 2881 ¹

94 2923 288 2998 ἀπολέσθαι
311 2925 442 2998 ἅπαντα
463 2933 519 2997 καὶ
540 2928 597 3018 τὴν
617 2934 757 3020 γραφήν.
793 2928 878 3017 πλὴν
900 2925 985 2995 ἀλλὰ
1005 2927 1063 3014 τήν
1083 2951 1120 3014 γε

93 3025 205 3095 εἰκόνα
221 3036 279 3116 τῆς
297 3032 420 3113 εἰκόνος
437 3029 534 3115 εἶδον,
557 3036 612 3100 καὶ
634 3030 733 3112 αάτδς
753 3030 839 3118 ύμῖν,
864 3028 910 3111 ὥς
932 3028 972 3099 ἀν
996 3028 1067 3108 οίός
1083 3056 1121 3097 τε

94 3117 133 3210 ὦ,
155 3129 251 3210 δείξω
268 3136 316 3217 τῷ
334 3133 429 3218 λόγῳ,
450 3132 488 3201 ού
505 3133 553 3218 μὰ
569 3134 627 3203 τόν
639 3144 705 3204 Δία
721 3134 882 3225 γραφικός
895 3160 945 3214 τις
963 3129 1017 3213 ὧν,
1038 3128 1122 3200 ἀλλὰ

92 3230 184 3299 πάνυ
206 3236 372 3319 μέμιημαι
393 3231 431 3300 οὗ
453 3234 521 3319 πρὸ
543 3240 669 3304 πολλοῦ
693 3237 772 3305 ίδδνν
795 3237 828 3303 έν
849 3262 938 3314 τινος
958 3241 1024 3301 τῶν
1041 3259 1121 3320 γρα-

93 3338 187 3421 φέων
205 3330 375 3423 Ἀθήνησι·
400 3332 516 3403 καὶτὸ
541 3333 803 3424 ὑπερθαυμάσαι
827 3338 903 3404 τότε
929 3334 986 3423 τὴν
1011 3340 1121 3422 τέχνην
1219 3334 1222 3343 “

91 3432 165 3519 τάχ’
181 3432 221 3505 ἀν
242 3460 301 3520 μοι
317 3438 373 3504 καὶ
394 3444 448 3505 νύν
469 3434 555 3526 πρὸς
576 3437 614 3505 τὸ
632 3444 836 3527 σαφέστερον
858 3439 1005 3525 δηλῶσαι
1023 3462 1122 3505 συνα-

91 3545 283 3626 γωνίσαιτο.
323 3537 381 3608 έπλ
399 3539 498 3628 χλόης
520 3538 685 3619 εάδαλούς
705 3537 725 3629 ἦ
747 3546 930 3626 Κένταυρος
952 3535 1033 3626 αύτη
1060 3560 1156 3608 ατε-4

92 3647 235 3727 ποίηται
252 3636 311 3730 ὅλη
328 3642 387 3726 μέν
400 3649 439 3732 τῇ
452 3644 549 3731 ίππην
562 3645 664 3727 χαμαί
676 3648 814 3730 κειμένη,
833 3644 890 3709 καὶ
901 3637 1122 3710 ἀποτέτανται

93 3738 130 3820 δς
148 3742 298 3813 τούπίσω
317 3743 351 3813 ολ
367 3745 478 3827 πόδες,
497 3744 536 3814 τὸ
555 3747 591 3813 δέ
607 3758 788 3831 γυναικεῖον
806 3741 885 3812 όσον
902 3740 1003 3833 αάτης
1016 3742 1121 3832 ἠρέμα

91 3840 266 3934 ἐγήγερται
287 3849 342 3915 καὶ
360 3844 411 3915 ἀπ’
423 3845 567 3934 ἀγκῶνός
584 3846 682 3929 ἐστιν,
707 3845 740 3914 ολ
762 3847 800 3914 δέ
820 3846 924 3928 πόδες
941 3846 975 3914 ολ
996 3847 1121 3934 ἔμπρο-

91 3952 180 4013 σθεν
199 3945 306 4017 ούκέτι
321 3952 378 4018 καὶ
401 3941 494 4019 οὗτοι
516 3947 695 4038 ἀποτάδην,
721 3947 791 4018 οἷον
812 3948 871 4018 δπλ
893 3946 1037 4039 πλευρὰν
1053 3975 1121 4018 κει-

88 4051 201 4134 μένης,
221 4045 319 4121 ἀλλά
334 4053 397 4138 μέν
411 4050 580 4135 ὀκλάζοντι
597 4052 698 4121 έοικεν
711 4048 757 4121 ἀίν
769 4052 940 4137 καμπύλος
956 4050 1121 4123 ύπεσταλ-
1233 4060 1237 4069 ’
