2740 4648
376 225 485 283 xvm.
510 224 734 281 εναεοενε
754 227 856 283 7-11,
1048 215 1127 281 ‚271
1225 295 1226 298 ρ

100 334 258 402 κολακεία
272 335 338 398 τῶν
356 328 463 399 ἀλλων
481 326 637 398 ἀπάντων
653 338 759 398 κακῶν
776 319 819 398 ’τὸ
843 332 1131 420 δουλοπρεπέστα-

101 460 159 505 τον
182 428 343 502 εἶναικαὶ
364 434 466 523 ταύτῃ
486 438 650 522 χείριστον
671 434 870 519 νενόμισται.
904 439 939 500 τί
959 425 1015 502 οῦν
1036 431 1127 517 ἀλλο,
1149 455 1183 507 10

102 538 135 606 εί
150 537 234 625 μήτε
249 541 354 603 ταῦτα
370 536 452 623 μήτε
470 534 577 604 ἀκεῖνα
593 539 697 624 λέγειν
716 537 818 617 δοκεῖ,
837 531 1025 605 ῦπόλοιπόν
1043 537 1130 606 ἐστιν

92 637 125 730 ή
152 636 324 731 ὁμολογεῖν
348 639 433 726 μηδὲ
454 639 487 706 ἓν
509 634 597 726 ῦγιὲς
620 638 727 706 εἰπεῖν
753 637 854 723 ἔχειν,ι
877 645 940 724 μία
963 664 1023 725 μοι
1048 640 1131 720 ἰ’σως

103 740 207 829 ἐκείνη
226 738 350 829 ἀγκυρα
367 739 416 809 ἔτι
434 736 588 828 ἀβροχος,
616 737 801 830 ὀδύρεσθαι
822 739 861 809 τὸ
882 747 985 833 γήρας
1001 743 1056 809 καὶ
1073 740 1131 830 τήν

79 844 200 924 Δνόσον
225 844 282 911 καὶ
306 840 390 927 μετὰ
414 842 541 911 τούτων
570 842 628 932 τήν
653 848 769 913 πενίαν
799 843 909 912 πάντα
939 856 1050 913 ποιεῖν
1075 846 1131 910 καὶ

102 946 244 1036 πάσχειν
262 941 523 1029 ἀναπείθουσαν,
543 941 589 1025 ῶς
607 944 743 1035 ἐκφύγοι
759 972 811 1026 τις
828 943 943 1035 αάτήν·
960 949 1015 1015 καί
1031 944 1065 1014 ἐν
1081 952 1129 1034 τῶ

102 1048 245 1136 τοιούτφ
263 1044 321 1116 οῦκ
333 1046 469 1138 ἀκαιρον
481 1050 564 1129 ἰ’σως
575 1051 632 1117 καί
643 1046 701 1136 τήν
713 1055 773 1116 τοῦ
785 1046 969 1136 Εὐριπίδου
983 1049 1131 1139 Μήδειαν

103 1152 335 1238 παρακαλέσαι
355 1153 592 1240 παρελθοῦσαν
611 1150 720 1242 εἰπεῖν
742 1148 827 1241 ῦπδρ
850 1150 930 1236 ἐμοῦ
957 1150 1063 1220 ἐκεῖνα
1087 1149 1130 1220 τὰ

106 1253 243 1341 ἰαμβεῖα
258 1251 373 1343 μικρὸν
391 1250 476 1321 αύτόι
494 1254 756 1344 παρῳδήσασαν·

211 1356 278 1424 Καὶ
293 1355 455 1441 μανθάνω
472 1356 531 1440 μὲν
550 1354 606 1423 σία
623 1356 703 1443 δρᾶν
719 1359 826 1442 μέλλω
845 1354 941 1437 κακὰ,

213 1463 312 1526 πενία
330 1459 366 1525 δὲ
382 1463 541 1544 κρείσσων
559 1465 625 1525 τῶν
643 1457 730 1543 ἐμῶν
745 1460 988 1545 βουλευμάτων.

104 1559 145 1631 τὸ
162 1560 223 1647 μὲν
238 1558 299 1647 γδιρ
316 1565 376 1626 τοῦ
396 1561 566 1647 θεόγνιδος
578 1558 637 1627 κάν
651 1559 714 1647 ἒγῶ
727 1561 772 1650 μή
786 1562 878 1649 λέγω,
897 1567 948 1643 τίς
962 1558 1020 1630 οῦκ
1034 1559 1129 1644 οἶδεν,

106 1660 167 1732 οῦκ
184 1660 405 1745 ἀπαξιοῦντος
425 1664 481 1729 καί
499 1660 533 1741 ἐς
547 1664 741 1750 βαθυκήτεα
761 1665 883 1733 πόντον
906 1670 995 1753 σφᾶς
1013 1663 1131 1744 αύτούς
1181 1667 1185 1673 ’

106 1768 236 1856 ῥιπτεῖν
244 1767 299 1832 καὶ
307 1761 544 1854 κατὰκρημνῶν
552 1789 589 1850 γε
602 1762 774 1854 ἠλιβάτων,
795 1766 825 1833 εί
836 1769 951 1850 μέλλοι
963 1792 1014 1845 τις
1027 1763 1132 1847 οῦτως

106 1866 367 1959 ἀποδράσεσθαι
383 1865 441 1955 τήν
458 1872 591 1951 πενίαν,·
615 1873 719 1935 ταῦτα
740 1868 798 1953 μὲν
821 1864 905 1936 εἶναι
926 1868 1018 1935 δοκεῖ
1038 1864 1061 1934 δι’
1081 1894 1132 1949 τις
1150 1889 1182 1941 11

106 1968 148 2040 ἀν
166 1967 212 2052 ῶς
229 1969 263 2038 ίν
279 1969 419 2058 τοιαύτην
438 1966 719 2059 ἀπολογήσασθαι
737 1969 818 2054 ἔχοι,
847 1967 884 2038 οῦ
902 1971 991 2038 πάνυ
1009 1967 1132 2060 εῦπρό-

107 2098 223 2144 σωπον
241 2071 376 2141 ἕκαστον
395 2069 513 2140 αὐτῶν.
550 2071 590 2142 σὺ
609 2074 647 2141 δέ
661 2098 721 2158 μοι
738 2074 874 2159 θάρρει,
898 2064 925 2140 ὦ
944 2071 1067 2163 ἑταῖρε,
1088 2069 1134 2152 ῶς

108 2174 217 2246 οῦδενί
238 2174 363 2243 τούτων
385 2172 464 2260 ἐμοῦ
484 2181 700 2263 χρησομένου·
725 2173 769 2262 μή
793 2173 855 2264 γάρ
873 2176 1033 2256 τοσοῦτός
1048 2200 1133 2243 ποτε

108 2276 205 2366 λιμός
221 2277 402 2363 καταλάβοι
418 2275 457 2344 τὸ
475 2275 597 2367 Ἄργος,
626 2275 672 2359 ῶς
687 2277 745 2367 τήν
761 2279 968 2368 Κυλλάραβιν
986 2284 1134 2368 σπείρειν

7 2468 8 2475 ρ
109 2380 301 2470 ἐπιχειρεῖν·
328 2375 398 2447 οῦδ
414 2378 509 2467 ἡμεῖς
526 2376 612 2447 ούτω
634 2385 771 2469 πένητες
792 2377 927 2467 εάλόγου
951 2379 1134 2468 ἀπολογίας

8 2566 9 2569 ρ
110 2480 157 2564 ῶς
178 2480 233 2552 ἀπ’
249 2481 393 2572 ἀπορίας
408 2481 451 2550 τά
472 2489 610 2550 τοιαῦία
627 2482 834 2570 κρησφύγετα
845 2481 941 2568 ’πρὸς
961 2482 1018 2571 τήν
1035 2509 1135 2572 κατη-

7 2592 9 2665 ξ
65 2612 70 2619 ·
108 2591 223 2675 γορίαν
249 2586 363 2674 ζητεῖν.
399 2582 482 2652 ἀλλά
503 2609 563 2669 μοι
584 2583 686 2652 ἐκεῖνο
709 2583 872 2672 ἐννόησον,
901 2581 947 2663 ῶς
971 2585 1133 2670 πάμπολυ

7 2668 9 2689 ¹
111 2689 264 2776 διαφέρει
289 2689 337 2768 εἰς
364 2688 467 2755 οἰκίαν
492 2685 587 2780 τινὸς
603 2689 765 2756 πλουσίου
790 2683 984 2771 ὑπόμισθον
1010 2690 1134 2775 παρελ-

33 2808 35 2812 ‘
110 2789 219 2859 θόντα
237 2791 401 2859 δουλεύειν
418 2792 472 2857 καὶ
490 2787 668 2874 ἀνέχεσθαι
686 2785 751 2858 όοα
766 2794 827 2874 μοί
843 2813 927 2880 φησι
943 2786 981 2858 τὸ
994 2793 1132 2876 βιβλίον,

110 2889 133 2981 ἢ
152 2894 294 2982 δημοσίᾳ
311 2894 499 2981 πράττοντά
515 2921 549 2961 τι
565 2900 630 2962 τῶν
647 2898 764 2961 κοινῶν
785 2895 841 2960 καί
863 2891 896 2973 ἒς
918 2893 1053 2978 δύναμιν
1069 2918 1134 2961 πο-

111 2995 316 3079 λιτευόμενον
352 2995 409 3064 ἐπὶ
438 2997 544 3084 τούτῳ
575 2995 668 3087 παρὰ
702 2998 866 3083 βασιλέως
898 3002 1133 3086 μισθοφορεῖν.
1185 3066 1189 3080 x

112 3096 230 3165 διελῶν
247 3094 286 3184 δὴ
309 3100 365 3163 καὶ
388 3097 457 3187 ἰδίᾳ
473 3102 632 3178 καταθείς
654 3096 804 3188 ἑκάτερον
827 3099 960 3167 σκόπει·
987 3096 1136 3188 εῦρήσεις

110 3198 178 3289 γὰρ
188 3195 226 3264 τὸ
240 3205 305 3264 τῶν
318 3207 483 3282 μουσικῶν
497 3200 535 3287 δή
550 3208 658 3286 τοῦτο,
679 3203 730 3281 δὶς
744 3198 800 3269 διὰ
813 3209 931 3270 πασῶν
939 3199 977 3270 τὸ
987 3208 1134 3289 πρᾶγμα,
1228 3222 1231 3226 ’

111 3303 169 3369 καὶ
184 3304 342 3366 τοσοῦτον
360 3299 507 3379 ἐοικότας
519 3298 673 3388 ἀλλήλοις
685 3301 763 3380 τοῦς
774 3308 869 3387 βίους
882 3299 960 3371 ὅσον
972 3304 1136 3388 μόλυβδος

113 3401 244 3493 ἀργύρῳ
257 3403 312 3468 καὶ
323 3401 441 3485 χαλκὸς
451 3406 626 3490 χρυσηῦκαί
635 3402 780 3490 ἀνεμώνη
795 3404 882 3493 ρόδφ
896 3407 949 3471 καὶ
965 3401 1136 3493 άνθριόπφ

112 3512 275 3594 πίθηκος·
295 3503 423 3590 μισθὸς
438 3507 497 3591 μὲν
514 3496 584 3593 γὰρ’
595 3503 633 3594 δή
651 3501 744 3572 κάκεῖ
758 3503 929 3573 κάνταῦθα
949 3511 1005 3574 καί
1023 3506 1060 3580 τὸ
1078 3504 1134 3574 ἀπ’

115 3602 204 3697 ἀλλην
221 3608 415 3689 τάττεσθαι,
434 3606 472 3676 τὸ
491 3609 681 3695 δὲπρᾶγμα
697 3608 896 3696 παμπόλλην
914 3607 979 3692 ἔχει
990 3608 1048 3697 τήν
1066 3611 1138 3677 δια-

114 3716 252 3800 φωνίαν.
288 3708 355 3779 ἐκεῖ
374 3711 432 3795 μὲν
453 3709 514 3798 γὰρ
538 3711 670 3778 δουλεία
693 3710 801 3800 σαφής
822 3704 879 3778 καὶΙ
900 3709 937 3778 ού
964 3711 1050 3780 πολὺ
1072 3716 1137 3778 τῶν
1229 3746 1231 3752 “

114 3809 350 3904 ἀργυρωνήτων
362 3817 422 3891 Ικαὶ
440 3813 630 3903 οἰκοτρίβων
648 3814 861 3904 διαφέρουσιν
879 3816 912 3882 οἱ
930 3814 986 3882 ἐπί
1003 3820 1050 3903 τηῦ
1067 3839 1138 3883 τοι·

116 3914 204 4002 ούτφ
227 3915 396 3999 εἰσιόντες,
424 3916 458 3984 ολ
483 3918 519 3984 δὲ
544 3915 586 3985 τὰ
607 3916 699 3984 κοινὰ
722 3915 778 3983 διδι
801 3916 911 4007 χειρὸς
937 3917 1062 4000 ἔχοντες
1082 3919 1138 3984 καὶ

115 4014 237 4087 πόλεσι
256 4022 313 4087 καλ
334 4018 464 4088 ’ἔθνεσιν
486 4015 576 4101 ὅλοις
597 4026 686 4109 σφᾶς
708 4018 827 4100 αύτούς
850 4027 1029 4111 χρησίμους
1050 4047 1138 4111 παρ·
