2740 4648
629 50 681 91 ,ᾖ
765 56 807 87 ὁ..
874 43 909 53 ””

856 98 865 111 b

354 292 360 301 ⁴
446 299 553 356 XXIV.
579 285 755 354 ΣΚΥΘΗΣ
776 297 862 354 ιι-ε.
1100 287 1163 354 341

135 404 314 495 ἀπιχιόριος
330 406 398 490 μέν,
424 401 642 492 ἀποδημήσας
659 403 695 470 δὲ
711 403 802 488 μάλα
819 401 928 471 πολλόν
951 404 984 485 ές
1005 429 1041 474 τε
1055 401 1165 474 Άοίαν

134 512 191 577 καὶ
212 497 269 595 ἐἰς
298 506 469 595 Αἴγυπτον
499 510 555 574 καί
587 520 658 586 τοῖς
693 504 842 595 ἀρίστοις
873 513 939 575 τῶν
972 504 1165 595 ἀνθρώπων

136 612 379 700 συγγενόμενος,
407 608 450 678 τά
472 605 556 676 ἀλλα
578 606 616 676 οὗ
639 616 705 678 τῶν
727 612 906 692 πλουσίων,
931 606 1087 677 ἀλλὰκαὶ
1108 636 1166 679 κο·

22 729 24 733 ’
134 715 224 803 μιδή
237 719 351 801 πένης·
379 709 460 800 όψει
479 715 616 800 γέροντα
643 707 729 779 οάτω
751 713 935 800 δημοτικάς
957 711 1162 798 ἐσταλμένον.

135 815 221 906 πλὴν
239 817 296 885 διά
313 840 350 903 γε
366 814 423 904 τὴν
448 821 570 903 σοφίαν
592 818 648 882 καὶ
668 813 725 903 τήν
748 811 847 902 ἀλλην
870 813 987 904 ἀρετήν
1009 816 1097 885 πάνυ
1115 843 1166 884 τυ

135 925 242 1006 μῶσιν
261 915 369 1000 αὐτὸν,
390 914 475 986 ὥστε
491 921 548 985 καὶ
564 923 730 1007 νομοθέτῃ
741 924 883 1007 χρῶνται
895 916 981 1008 πρός
994 916 1050 1006 τήν
1068 920 1166 987 πολι-

135 1027 226 1089 τείαν
248 1022 304 1088 καὶ
326 1020 458 1103 ἀξιοῦσι
475 1019 562 1088 κατὰ
583 1019 626 1089 τά
649 1020 770 1089 ἐκείνου
797 1021 1038 1109 προστάγματα
1058 1025 1165 1107 βιοῦν.

138 1124 168 1191 εί
184 1130 300 1192 τοῦτον
317 1126 415 1213 φίλον
432 1124 570 1211 κτήσαιο
588 1126 644 1191 καὶ
659 1125 788 1208 μάθοις
806 1122 876 1204 οίος
893 1120 975 1212 ἀνήρ
995 1122 1078 1206 ἐστι,
1098 1130 1167 1191 πᾶ-

137 1251 198 1294 σαν
214 1223 325 1310 νόμιζε
342 1224 402 1316 τήν
417 1222 556 1294 Ἐλλάδα
574 1225 606 1294 δν
630 1225 719 1314 αὐτῷ
736 1226 823 1309 ,ἔχειν
847 1229 902 1293 καί
923 1223 962 1293 τό
985 1226 1166 1313 κεφάλαιον

135 1326 197 1417 ήδη
211 1327 333 1398 εἰδέναι
345 1335 411 1396 τῶν
424 1331 501 1418 τῇδε
515 1327 668 1416 ἀγαθῶν·
687 1326 733 1408 ὡς
747 1326 806 1396 οόκ
819 1328 906 1397 ἔστιν
922 1323 941 1398 ό
953 1355 987 1395 τι
1001 1324 1040 1395 ἀν
1053 1328 1166 1413 μεῖζόν

137 1455 192 1498 σοι
208 1434 307 1497 καλὸν
322 1436 531 1518 χαρίσασθαι
550 1433 705 1519 δυναίμην
720 1428 742 1520 ή
760 1431 925 1518 συστήσας
950 1429 1069 1518 ἐκείνην.
1094 1427 1163 1519 “μή

136 1538 244 1599 τοίνυν
261 1528 457 1615 μέλλωμεν,”
478 1531 551 1619 έφη,
567 1525 620 1598 “ιό
639 1531 791 1622 Τόξαρι,”
813 1531 1040 1619 όᾌνάχαρσις,
1056 1529 1166 1600 ((ἀλλά
1183 1555 1200 1604 6

135 1658 178 1719 με
186 1631 296 1718 λαβὼν
305 1630 363 1721 ἀγε
376 1630 454 1720 παρ’
467 1630 575 1702 αὐτόν.
603 1633 686 1719 ἀτὰρ
701 1635 801 1702 ἐκεῖνο
817 1637 918 1717 δέδια,
938 1635 983 1723 μή
998 1635 1167 1722 δυσπρόσ-

138 1736 215 1815 οδος
232 1725 252 1824 ᾖ
270 1737 325 1802 καὶ
343 1735 376 1803 έν
393 1741 548 1825 παρέργῳ
566 1743 672 1824 θῆταί
689 1761 749 1804 σου
770 1735 827 1825 τήν
846 1737 984 1820 ἐ’ντευξιν
1005 1736 1062 1825 τήν
1080 1734 1164 1826 ὑπὲρ

56 1901 59 1906 ,
136 1834 259 1926 ήμῶν.”
280 1834 475 1926 ι(ιιάφήμειῗ
490 1829 510 1925 ἦ
525 1834 610 1918 δ’ὃς,
626 1834 761 1926 ((ἒκείνφ
775 1837 818 1906 τά
826 1844 1167 1927 μέγισταχαριεῖσθαί

135 1964 196 2027 μοι
210 1941 297 2009 δοκῶ
310 1937 464 2028 ἀφορμήν
478 1938 657 2027 παρασχὼν
670 1944 728 2028 τής
742 1940 775 2021 ἀς
785 1944 873 2023 ξένον
887 1939 990 2030 ἀνδρα
1004 1937 1164 2020 εάποιίας.

138 2041 220 2110 όπου
238 2043 353 2128 μόνον·
377 2043 449 2131 ε’ίση
466 2041 529 2130 γὰρ
553 2039 613 2131 όση
636 2042 723 2130 πρὸς
744 2042 801 2111 τόν
820 2047 922 2124 ξένιον
945 2040 970 2129 ή
989 2041 1092 2122 αἰδὼς
1109 2047 1164 2111 καὶ

136 2142 156 2236 ή
181 2142 262 2234 άλλη
286 2145 447 2213 ἐπιείκεια
468 2148 524 2212 καί
544 2147 735 2234 χρηστότης.
775 2148 899 2229 μᾶλλον
922 2145 958 2211 δὲ
980 2144 1062 2212 κατὰ
1091 2146 1165 2213 δαί-

136 2273 220 2332 μονα
239 2238 335 2327 οὗτος
353 2245 453 2327 αότὸς
469 2243 546 2334 ἡμῖν
564 2248 746 2336 πρόσεισιν,
768 2245 786 2315 ό
806 2246 863 2315 ἐπὶ
882 2254 1043 2329 συννοίας,
1069 2244 1087 2314 ό
1107 2250 1166 2315 λα-

136 2353 201 2418 λῶν
218 2349 340 2438 ἑαυτῷ·
363 2352 418 2417 καί
437 2345 507 2434 ἅμα
523 2348 718 2439 προσειπὼν
735 2348 792 2417 τόν
811 2350 960 2431 Σόλωνα,
980 2350 1078 2419 τοῦτό
1098 2375 1162 2434 σοι,

137 2452 214 2540 ἔφη,
235 2453 339 2540 δῶρον
356 2458 509 2538 μέγιστον
527 2448 594 2541 ήκω
613 2449 709 2540 ἀγων,
730 2454 818 2533 ξένον
838 2447 940 2537 ἀνδρα
958 2454 1072 2540 φιλίας
1091 2452 1165 2521 δεό-

135 2578 241 2639 μονον.
280 2555 415 2642 Σκόθης
438 2555 475 2621 δέ
497 2553 568 2623 ἐστι
588 2562 654 2622 τῶν
675 2552 753 2640 παρ’
768 2551 845 2642 ἡμῖν
871 2551 1086 2642 εὐπατριδῶν,
1110 2558 1197 2625 καὶτ

136 2653 227 2740 ὅμως
248 2653 341 2724 τάκεῖ
360 2658 471 2725 πάντα
493 2655 591 2746 ἀφεὶς
612 2653 684 2745 ήκει
706 2657 919 2741 συνεσόμενος
940 2654 1016 2741 ὑμῖν
1041 2660 1097 2724 καί
1122 2656 1164 2724 τὰ

135 2759 294 2825 κάλλιστα
320 2755 487 2845 ὀψόμενος
512 2767 571 2849 τής
593 2757 760 2839 Ἑλλάδος,
788 2756 876 2846 κάγὼ
905 2758 1065 2844 ἐπίτομόν
1090 2784 1164 2827 τινα

134 2859 254 2950 ταύτην
267 2860 399 2948 ἐξηῦρον
409 2859 510 2949 αὐτῷ,
526 2858 620 2940 ὅπως
634 2864 739 2952 ῥᾷστα
751 2864 807 2928 καὶ
820 2857 919 2940 αὐτὸς
931 2862 1041 2946 μάθοι
1054 2863 1164 2929 πάντα

135 2964 190 3026 καὶ
203 2964 365 3051 γνώριμος
377 2970 503 3050 γένοιτο
517 2977 589 3045 τοῖς
602 2962 765 3054 ἀρίστοις·
783 2970 881 3032 τοῦτο
896 2962 926 3032 δ’
937 2954 976 3053 ήν
990 2968 1045 3031 σοὶ
1057 2988 1164 3055 προσ-

136 3075 266 3147 αγαγεῖν
285 3062 393 3132 αὐτόν.
430 3067 460 3133 εἰ
477 3074 585 3135 τοίνυν
604 3066 666 3154 έγώ
685 3069 822 3135 Σόλωνα
840 3064 928 3149 οῖδα,
954 3061 1040 3134 οὕτω
1063 3067 1164 3154 ποιή-

136 3186 205 3242 σεις
217 3165 273 3229 καλ
285 3167 495 3253 προξενήσεις
509 3166 610 3235 αάτσῦ
623 3172 679 3235 καὶ
687 3172 825 3257 πολίτην
837 3171 968 3257 γνήσιον
978 3164 1165 3258 ἀποφανεῖς

134 3270 192 3353 τής
206 3261 368 3345 Ἑλλάδος.
403 3269 460 3333 καὶ
481 3265 564 3356 ὅπερ
589 3293 645 3336 σοι
667 3270 749 3358 έφην
770 3269 885 3358 μικρὸν
909 3270 1109 3355 ἔμπροσθεν,
1135 3262 1164 3335 ὦ

130 3364 314 3455 Ἀνάχαρσι,
342 3367 453 3435 πάντα
479 3367 617 3456 ἑόρακας
637 3368 700 3458 ήδη
723 3373 859 3439 Σόλωνα
887 3370 975 3453 ἰδὼν,
1003 3379 1100 3439 τοῦτο
1128 3372 1164 3438 αἱ

129 3463 276 3558 Ἀθῆναι,
295 3472 393 3537 τοῦτο
403 3466 423 3558 ή
434 3467 560 3550 Ἑλλάς·
579 3468 688 3539 οὐκέτι
700 3475 789 3555 ξένος
803 3472 852 3555 σὺ,
872 3475 994 3554 πάντες
1007 3498 1044 3542 σε
1057 3475 1162 3556 ἰ’σασι,

133 3573 255 3652 πάντες
272 3597 310 3640 σε
327 3574 475 3662 φιλοῦσι.
501 3575 692 3659 τηλικοῦτόν
710 3573 780 3642 έστι
797 3573 835 3642 τὸ
849 3574 932 3642 κατὰ
945 3574 1002 3644 τὸν
1016 3577 1163 3663 προσβό-

133 3700 190 3761 την
199 3681 324 3744 τοῦτον.
353 3672 508 3744 ἁπάντων
519 3674 658 3766 ἐπιλήσῃ
672 3683 737 3744 τῶν
751 3676 925 3767 ένΣκυθίφ
938 3677 1042 3746 συνών
1057 3676 1163 3766 αὐτῷ·

32 3839 37 3847 .
135 3773 217 3855 έχεις
229 3783 287 3865 τής
300 3775 490 3866 ἀποδημίας
503 3775 544 3845 τὰ
557 3764 659 3860 ἀδλα,
678 3786 737 3846 τοῦ
750 3779 873 3870 έροντος
885 3778 923 3848 τό
938 3784 1046 3860 τέλος
1066 3772 1165 3860 οὗτός

135 3899 191 3942 σοι
209 3873 417 3969 όἘλληνικὸς
434 3879 547 3963 κανὼν,
566 3887 662 3948 τοῦτο
682 3882 800 3970 δεῖγμα
816 3889 875 3971 τής
888 3887 1092 3973 φιλοσοφίας
1104 3890 1163 3971 τής

129 3974 282 4064 Ἀττικῆς.
318 3979 404 4051 οὕτω
423 3987 530 4051 τοίνυν
546 3990 703 4072 γίγνωσκε
726 3983 772 4066 ὡς
794 3983 1087 4072 εὐδαιμονέστατος
1105 3982 1160 4067 ὢν,

133 4076 173 4159 ὃς
190 4088 306 4171 συνέσῃ
319 4085 446 4154 Σόλωνι
462 4089 518 4153 καὶ
535 4089 622 4174 φίλῳ
638 4083 742 4176 χρήσῃ
762 4084 880 4176 αὖτῷ.”
913 4086 1037 4180 μακρὸν
1054 4085 1093 4156 ἀν
1111 4088 1160 4176 ε’ίη
1178 4107 1197 4159 8
