2730 4634
113 186 123 199 '⁴
189 146 345 265 ’ωε
626 196 888 255 mmm-or
974 206 990 213 -’
1063 204 1078 211 “’

289 302 382 373 ΜΒΝ.
416 300 478 390 Μή
492 299 615 385 ἐνόχλει
634 291 701 369 σόν.

290 416 376 476 ΧΑΡ.
410 406 528 486 Δεῖξον
544 410 580 471 τί
596 402 630 474 ἐν
644 411 686 493 ,τῇ
704 405 796 494 πήρᾳ
814 403 907 487 ἐχεις.

263 558 274 565 --
288 523 379 579 ΜΕΝ.
416 512 574 598 θέρμους,
613 507 643 575 εἰ
665 507 806 588 ἐθέλεις,
842 510 898 575 καὶ
915 513 978 595 τῆς
994 504 1128 598 Ἑκάτης
1147 506 1186 578 τὸ
1207 512 1279 580 δεῖ·

238 606 331 680 πνσν.
464 664 467 671 .
659 644 663 651 ·
849 646 853 651 >
1159 666 1163 673 .

290 729 379 784 XAP.
411 714 527 782 Πόθεν
543 720 660 782 τοῦτον
677 709 767 802 ήμῖν,
796 702 825 778 6
839 707 904 800 Ἐρμ
906 719 950 800 ιή,
969 710 1027 779 τὸν
1043 713 1123 781 κύνα
1139 710 1278 803 ήμαμεςς

239 812 295 882 οία
314 818 424 884 δὲκαὶ
443 815 552 883 ἐλάλει
568 812 662 904 παρὰ
683 813 740 881 τὸν
762 817 867 882 πλοῦν
889 821 955 882 τῶν
978 812 1186 900 ἐπιβατῶν
1165 819 1278 884 απάν-

238 945 303 986 των
324 921 524 1007 καταμελῶν
532 921 588 986 καί
611 917 831 986 ἐπισκώπτων
852 919 909 983 καὶ
933 918 1034 1003 μόνος
1057 916 1146 1008 ᾄδων
1169 919 1277 1006 σίμω-

239 1020 361 1102 ζόντων
378 1021 516 1090 ἐκείνων.

230 1154 237 1165 ’
289 1142 377 1196 ΕΡΜ
409 1122 560 1212 Αμνοεῖς,
589 1150 616 1189 ω
601 1114 770 1212 Χάρων,
797 1117 907 1190 ὅντινα
925 1119 1029 1210 ἄνδρα
1046 1124 1277 1213 διεπόρθμευ-

239 1250 315 1309 σας,
344 1227 517 1313 ἐλεύθερον
545 1224 703 1313 ἀκριβῶς,
733 1222 887 1305 κούδενὸς
913 1223 1003 1314 αέτῴ
1028 1230 1130 1311 μέλει.
1173 1217 1277 1309 οὗτός

239 1325 328 1398 ἐστιν
348 1326 366 1396 6
385 1335 568 1409 Μένιππος.
634 1372 638 1379 ·
1228 1372 1232 1379 >

292 1447 377 1503 XAP.
411 1434 478 1501 Καὶ
495 1430 560 1518 μὴν
572 1427 624 1517 >ι’ίνρ
634 1457 672 1499 σε
689 1431 780 1516 λάβω
793 1436 883 1498 »ποτέ
900 1456 942 1482 -’-

291 1549 380 1606 ΜΕΝ.
413 1530 464 1601 36
481 1534 583 1622 λάβῃς
587 1572 604 1616 ,·
618 1525 645 1599 6
655 1536 826 1620 βέλτιστε·
844 1535 896 1611 δὶς
914 1534 950 1600 δὲ
968 1529 1027 1601 οόκ
1044 1529 1084 1601 άν
1101 1533 1230 1620 λάβοις.
1346 1574 1347 1585 ¹

735 1721 777 1777 εν.

269 1820 580 1892 ΠΡοΤσΣιΛΑον,
595 1792 848 1879 Πιονεααοε
865 1820 932 1876 KAI
948 1779 1244 1879 σεοεσσονσε.

207 1963 222 2015 1
291 1959 398 2014 ΠΡΩΤ.
427 1934 461 2014 ἶθ
480 1945 626 2012 δέσποτα
642 1947 699 2011 καὶ
715 1930 851 2029 βασιλεῦ
864 1945 920 2009 καὶ
932 1939 1067 2033 ήμέτερε
1076 1950 1139 2011 Ζεῦ
1157 1946 1214 2015 καί
1232 1942 1273 2015 οδ

240 2045 415 2134 Δήμητρος
431 2047 592 2134 θύγατερ,
611 2044 655 2132 μὴ
675 2042 852 2133 ὖπερίδήτε
871 2046 981 2133 δέησιν
1000 2044 1165 2134 ἐρωτικήν.

291 2165 428 2219 ΠΛΟΥΤ.
463 2148 509 2216 Σὺ
521 2150 556 2217 δὲ
564 2155 660 2216 τίνων
671 2149 727 2237 δέῃ
737 2145 816 2236 παρ’
827 2144 935 2235 ήμ,ῶν,·
945 2144 967 2236 6
974 2154 1026 2227 τίς
1035 2145 1081 2216 ῶν
1090 2150 1275 2236 τνγχάνειςς

291 2265 397 2321 ΠΡΩΤ.
432 2251 514 2334 Εἰμὶ
532 2252 589 2334 μέν
599 2254 830 2338 Πρωτεσίλαος
849 2248 866 2318 6
881 2248 1022 2339 Ἰφίκλου
1035 2252 1197 2331 Φυλάκιος
1215 2278 1276 2320 συ-

241 2353 444 2440 στρατιῶτής
460 2359 527 2421 τῶν
541 2350 676 2435 Ἀχαιῶν
699 2356 754 2419 καὶ
771 2360 906 2443 πρῶτος
928 2349 1114 2421 άποθανῶν
1130 2360 1197 2423 τῶν
1219 2351 1271 2423 ἐπ’

236 2449 293 2522 Ιλί
294 2480 331 2541 ιο.
360 2456 479 2539 δέομαι
497 2457 533 2522 δὲ
552 2453 695 2544 ἀφεθεὶς
705 2454 798 2583 πρός
816 2452 870 2522 όλί
857 2462 925 2542 ίχον
943 2453 1125 2541 ἀναβιῶναι
1142 2457 1255 2525 πάλιν.

290 2572 427 2627 ΠΛΟΥΤ
467 2565 586 2625 Τοῦτον
604 2562 663 2643 μὲν
679 2557 737 2625 τὸν
755 2558 875 2645 ἐρωτα,
895 2549 923 2624 ῶ
940 2562 1165 2647 Πρωτεσίλαε,
1187 2560 1275 2671 πάν-

238 2684 292 2739 τες
308 2663 415 2749 νεκροί
434 2659 547 2749 ἐρῶσι,
566 2661 651 2749 πλὴν
670 2658 818 2741 οόδεὶς”
797 2689 837 2730 αν
854 2658 962 2731 αὐτῶν
979 2663 1082 2746 τύχοι.

290 2777 397 2833 ΠΡΩΤ.
428 2759 507 2830 Αλλ’
524 2761 562 2831 06
579 2772 638 2832 τοῦ
658 2765 725 2852 ζῆν,
742 2761 905 2845 Αῑδωνεῦ,
925 2763 1026 2854 ἐρῶ
1008 2790 1122 2854 εμωμε,
1136 2772 1200 2855 τῆς
1216 2793 1276 2854 χν-

239 2861 349 2941 ναικὸς
377 2864 471 2944 δὲ,“
454 2890 491 2953 ην
517 2866 674 2952 νεόγαμον
701 2866 750 2934 ἐτι
777 2865 810 2934 ἐν
834 2874 883 2955 τῶ
909 2868 1055 2956 θαλάμῳ
1081 2869 1275 2938 καταλιπων

240 2960 370 3054 ᾠχόμην
385 2964 589 3049 ,άποπλέων,
619 2965 691 3035 εἶτα
712 2967 730 3037 6
753 2971 962 3054 κακοδαίμων
987 2968 1020 3037 ἐν
1040 2977 1081 3060 τῇ
1104 2968 1274 3056 άποβάσει

240 3062 413 3137 ἀπέθανον
431 3065 498 3136 ὑπὸ
516 3076 575 3137 τοῦ
586 3067 748 3159 Ἕκτορος.
786 3068 804 3139 6
824 3063 881 3140 οὖν
899 3072 982 3163 ἐρως
993 3079 1052 3160 τής
1063 3073 1216 3161 γυναικὸς
1234 3072 1273 3143 06

238 3175 381 3264 μετρίως
407 3168 581 3239 ἀποκναίει
605 3199 661 3258 με,
695 3165 723 3241 6
749 3175 911 3257 δέσποτα,
941 3178 998 3242 καὶ
1022 3177 1189 3262 βούλομαι
1213 3174 1274 3246 κάν

239 3271 326 3361 πρὸς
343 3270 454 3361 όλίμον
473 3271 596 3364 ὀφθεὶς
614 3272 893 3367 αὖτῇκαταβήναι
906 3278 1022 3347 πάλιν.

207 3395 223 3445 2
291 3391 429 3458 ΠΛΟΥΤ.
466 3375 565 3445 O6x''
547 3402 652 3460 επιες,
677 3370 704 3446 6
722 3387 875 3471 Πρωτεσί
860 3383 945 3462 ίλαε,
968 3378 1008 3449 τὸ
1025 3381 1150 3471 Λήθης
1164 3377 1274 3472 6669,-

290 3492 397 3548 ΠΡΩΤ.
431 3482 498 3547 Καὶ
518 3482 623 3567 μάλα,
651 3509 678 3549 ω
664 3473 864 3551 δέσποτα·
890 3481 930 3551 τό
953 3483 989 3551 δὲ
1010 3491 1150 3575 πρᾶγμα
1168 3482 1277 3574 ὑπέρ·

241 3594 335 3668 ομκον
352 3571 403 3670 ήν.

291 3698 427 3754 ΠΛΟΥΤ.
468 3682 591 3754 Οέκοῦν
619 3693 824 3778 περίμεινον·
856 3687 914 3779 66
915 3630 1034 3771 ίξεται
1047 3687 1110 3778 μὰρ
1141 3686 1274 3780 κόκείνη

239 3784 324 3852 ποτὲ
340 3811 382 3851 κα
382 3783 491 3859 λοόδὲ
509 3789 547 3857 σὲ
558 3785 717 3859 άνελθεῖν
733 3793 855 3880 δεήσει.

264 3890 397 3958 'Ilm
426 3886 506 3959 Λλλί
518 3916 556 3958 ον
544 3887 709 3981 φέρω
675 3920 732 3981 τήν
747 3891 924 3982 διατριβήν,
941 3921 968 3963 ω
954 3885 1276 3985 Πλοότων·’ήράσ-

239 3990 307 4076 θης
324 3989 361 4056 δέ
377 3994 432 4059 καί
450 3990 548 4075 αὐτὸς
567 3993 626 4085 ήδη
644 3999 700 4063 καὶ
718 3992 822 4063 οἶσθα
841 3996 913 4066 οἷον
925 3997 965 4067 τὸ
985 3996 1061 4088 ἐρᾶν
1080 3998 1179 4068 ἐστιν.
1278 4062 1283 4069 .
