<?xml version="1.0" encoding="UTF-8"?>
<!DOCTYPE html PUBLIC "-//W3C//DTD XHTML 1.0 Transitional//EN"
    "http://www.w3.org/TR/xhtml1/DTD/xhtml1-transitional.dtd">
<html xmlns="http://www.w3.org/1999/xhtml" xml:lang="en" lang="en">
 <head>
  <title>
</title>
<meta http-equiv="Content-Type" content="text/html;charset=utf-8" />
  <meta name='ocr-system' content='tesseract 3.04.00' />
  <meta name='ocr-capabilities' content='ocr_page ocr_carea ocr_par ocr_line ocrx_word'/>
</head>
<body>
  <div class='ocr_page' id='page_1' title='image "./lucianisamosate04dindgoog_0206.png"; bbox 0 0 2752 4632; ppageno 0'>
   <div class='ocr_carea' id='block_1_1' title="bbox 87 254 1227 4048">
    <p class='ocr_par' dir='ltr' id='par_1_1' title="bbox 106 254 1192 864">
     <span class='ocr_line' id='line_1_1' title="bbox 453 254 1147 321; baseline 0.001 -3"><span class='ocrx_word' id='word_1_1' title='bbox 453 262 521 318; x_wconf 89' lang='lat' dir='ltr'>XII.</span> <span class='ocrx_word' id='word_1_2' title='bbox 546 260 688 320; x_wconf 72' lang='grc' dir='ltr'>ΧΑΡΩΝ</span> <span class='ocrx_word' id='word_1_3' title='bbox 712 260 831 321; x_wconf 79' lang='grc'><strong><em>13-15.</em></strong></span> <span class='ocrx_word' id='word_1_4' title='bbox 1082 254 1147 319; x_wconf 76' lang='grc'><strong><em>179</em></strong></span> 
     </span>
     <span class='ocr_line' id='line_1_2' title="bbox 106 365 1142 458; baseline -0.002 -18"><span class='ocrx_word' id='word_1_5' title='bbox 106 375 193 450; x_wconf 83' lang='grc' dir='ltr'><strong><em>θοῦς</em></strong></span> <span class='ocrx_word' id='word_1_6' title='bbox 208 367 328 457; x_wconf 78' lang='grc' dir='ltr'><strong><em>πρῴην</em></strong></span> <span class='ocrx_word' id='word_1_7' title='bbox 345 365 647 458; x_wconf 86' lang='grc' dir='ltr'><strong><em>ἀναγιγνωσκοόσης</em></strong></span> <span class='ocrx_word' id='word_1_8' title='bbox 663 367 706 437; x_wconf 81' lang='grc' dir='ltr'><strong><em>τὰ</em></strong></span> <span class='ocrx_word' id='word_1_9' title='bbox 724 368 851 458; x_wconf 76' lang='grc' dir='ltr'><strong><em>ἑκάστῳ</em></strong></span> <span class='ocrx_word' id='word_1_10' title='bbox 869 368 1142 457; x_wconf 84' lang='grc' dir='ltr'><strong><em>έπικεκλωσμένα,</em></strong></span> 
     </span>
     <span class='ocr_line' id='line_1_3' title="bbox 108 467 1192 562; baseline 0.006 -22"><span class='ocrx_word' id='word_1_11' title='bbox 108 470 142 540; x_wconf 74' lang='grc' dir='ltr'><strong><em>έν</em></strong></span> <span class='ocrx_word' id='word_1_12' title='bbox 168 469 220 553; x_wconf 77' lang='grc' dir='ltr'><strong><em>οἷς</em></strong></span> <span class='ocrx_word' id='word_1_13' title='bbox 245 472 304 539; x_wconf 84' lang='grc' dir='ltr'><strong><em>καὶ</em></strong></span> <span class='ocrx_word' id='word_1_14' title='bbox 327 467 418 539; x_wconf 81' lang='grc' dir='ltr'><strong><em>ταῦτ’</em></strong></span> <span class='ocrx_word' id='word_1_15' title='bbox 442 468 637 560; x_wconf 72' lang='grc' dir='ltr'><strong><em>ἐγέγραπτο,</em></strong></span> <span class='ocrx_word' id='word_1_16' title='bbox 668 482 813 562; x_wconf 84' lang='grc' dir='ltr'><strong><em>Κροῖσον</em></strong></span> <span class='ocrx_word' id='word_1_17' title='bbox 837 472 896 558; x_wconf 80' lang='grc' dir='ltr'><strong><em>μέν</em></strong></span> <span class='ocrx_word' id='word_1_18' title='bbox 923 468 1048 540; x_wconf 81' lang='grc' dir='ltr'><strong><em>ἀλῶναι</em></strong></span> <span class='ocrx_word' id='word_1_19' title='bbox 1073 470 1144 543; x_wconf 84' lang='grc' dir='ltr'><strong><em>ῦπό</em></strong></span> <span class='ocrx_word' id='word_1_20' title='bbox 1188 540 1192 547; x_wconf 91' lang='grc'><strong><em>.</em></strong></span> 
     </span>
     <span class='ocr_line' id='line_1_4' title="bbox 106 568 1145 665; baseline 0.002 -22"><span class='ocrx_word' id='word_1_21' title='bbox 106 573 234 662; x_wconf 80' lang='grc' dir='ltr'><strong><em>Κύρου,</em></strong></span> <span class='ocrx_word' id='word_1_22' title='bbox 262 578 371 664; x_wconf 86' lang='grc' dir='ltr'><strong><em>Κῦρον</em></strong></span> <span class='ocrx_word' id='word_1_23' title='bbox 397 573 434 641; x_wconf 63' lang='lat' dir='ltr'><strong><em>ab</em></strong></span> <span class='ocrx_word' id='word_1_24' title='bbox 460 569 559 642; x_wconf 85' lang='grc' dir='ltr'><strong><em>αύτόν</em></strong></span> <span class='ocrx_word' id='word_1_25' title='bbox 584 568 642 643; x_wconf 71' lang='grc' dir='ltr'><strong><em>ἀπ’</em></strong></span> <span class='ocrx_word' id='word_1_26' title='bbox 658 572 798 664; x_wconf 80' lang='grc' dir='ltr'><strong><em>έκεινησὶ</em></strong></span> <span class='ocrx_word' id='word_1_27' title='bbox 817 581 878 665; x_wconf 80' lang='grc' dir='ltr'><strong><em>τῆς</em></strong></span> <span class='ocrx_word' id='word_1_28' title='bbox 893 578 1145 663; x_wconf 79' lang='grc' dir='ltr'><strong><em>Μασσαγέτιδος</em></strong></span> 
     </span>
     <span class='ocr_line' id='line_1_5' title="bbox 109 673 1145 767; baseline 0.003 -24"><span class='ocrx_word' id='word_1_29' title='bbox 109 673 310 745; x_wconf 80' lang='grc' dir='ltr'><strong><em>ἀποθανεῖν.</em></strong></span> <span class='ocrx_word' id='word_1_30' title='bbox 346 673 426 767; x_wconf 76' lang='grc' dir='ltr'><strong><em>δρᾷς</em></strong></span> <span class='ocrx_word' id='word_1_31' title='bbox 442 674 499 765; x_wconf 82' lang='grc' dir='ltr'><strong><em>τὴν</em></strong></span> <span class='ocrx_word' id='word_1_32' title='bbox 516 676 682 758; x_wconf 87' lang='grc' dir='ltr'><strong><em>Σκυθίδα,</em></strong></span> <span class='ocrx_word' id='word_1_33' title='bbox 708 675 766 766; x_wconf 76' lang='grc' dir='ltr'><strong><em>τὴν</em></strong></span> <span class='ocrx_word' id='word_1_34' title='bbox 784 675 842 746; x_wconf 72' lang='grc' dir='ltr'><strong><em>ἐπὶ</em></strong></span> <span class='ocrx_word' id='word_1_35' title='bbox 858 682 918 746; x_wconf 82' lang='grc' dir='ltr'><strong><em>τοῦ</em></strong></span> <span class='ocrx_word' id='word_1_36' title='bbox 940 677 1050 746; x_wconf 85' lang='grc' dir='ltr'><strong><em>ίππου</em></strong></span> <span class='ocrx_word' id='word_1_37' title='bbox 1068 679 1145 746; x_wconf 77' lang='grc' dir='ltr'><strong><em>τού·</em></strong></span> 
     </span>
     <span class='ocr_line' id='line_1_6' title="bbox 107 778 651 864; baseline 0 -17"><span class='ocrx_word' id='word_1_38' title='bbox 107 803 166 847; x_wconf 81' lang='grc' dir='ltr'><strong><em>σου</em></strong></span> <span class='ocrx_word' id='word_1_39' title='bbox 182 785 247 848; x_wconf 87' lang='grc' dir='ltr'><strong><em>τοῦ</em></strong></span> <span class='ocrx_word' id='word_1_40' title='bbox 265 780 381 849; x_wconf 87' lang='grc' dir='ltr'><strong><em>λευκοῦ</em></strong></span> <span class='ocrx_word' id='word_1_41' title='bbox 400 778 651 864; x_wconf 73' lang='grc' dir='ltr'><strong><em>έξελαύνσυσανς</em></strong></span> 
     </span>
    </p>

    <p class='ocr_par' dir='ltr' id='par_1_2' title="bbox 158 880 431 972">
     <span class='ocr_line' id='line_1_7' title="bbox 158 880 431 972; baseline -0.011 -18"><span class='ocrx_word' id='word_1_42' title='bbox 158 898 249 954; x_wconf 85' lang='lat' dir='ltr'>XAP.</span> <span class='ocrx_word' id='word_1_43' title='bbox 285 880 337 972; x_wconf 77' lang='grc' dir='ltr'><strong><em>Νὴ</em></strong></span> <span class='ocrx_word' id='word_1_44' title='bbox 355 889 431 952; x_wconf 86' lang='grc' dir='ltr'><strong><em>Δία.</em></strong></span> 
     </span>
    </p>

    <p class='ocr_par' dir='ltr' id='par_1_3' title="bbox 105 979 1158 1581">
     <span class='ocr_line' id='line_1_8' title="bbox 157 979 1158 1074; baseline -0.004 -18"><span class='ocrx_word' id='word_1_45' title='bbox 157 1000 247 1056; x_wconf 81' lang='grc' dir='ltr'><strong><em>ΕΡΜ.</em></strong></span> <span class='ocrx_word' id='word_1_46' title='bbox 288 984 430 1074; x_wconf 83' lang='grc' dir='ltr'><strong><em>Τόμυρις</em></strong></span> <span class='ocrx_word' id='word_1_47' title='bbox 448 983 550 1073; x_wconf 75' lang='grc' dir='ltr'><strong><em>ἐκείνη</em></strong></span> <span class='ocrx_word' id='word_1_48' title='bbox 570 982 653 1068; x_wconf 74' lang='grc' dir='ltr'><strong><em>ἔστί,</em></strong></span> <span class='ocrx_word' id='word_1_49' title='bbox 681 987 737 1052; x_wconf 82' lang='grc' dir='ltr'><strong><em>καί</em></strong></span> <span class='ocrx_word' id='word_1_50' title='bbox 758 981 817 1073; x_wconf 83' lang='grc' dir='ltr'><strong><em>τὴν</em></strong></span> <span class='ocrx_word' id='word_1_51' title='bbox 833 983 977 1073; x_wconf 78' lang='grc' dir='ltr'><strong><em>κεφαλήν</em></strong></span> <span class='ocrx_word' id='word_1_52' title='bbox 998 1009 1036 1072; x_wconf 89' lang='grc' dir='ltr'><strong><em>γε</em></strong></span> <span class='ocrx_word' id='word_1_53' title='bbox 1058 979 1158 1052; x_wconf 90' lang='grc' dir='ltr'><strong><em>ἀπο--</em></strong></span> 
     </span>
     <span class='ocr_line' id='line_1_9' title="bbox 106 1083 1145 1177; baseline -0.002 -22"><span class='ocrx_word' id='word_1_54' title='bbox 106 1093 255 1173; x_wconf 77' lang='grc' dir='ltr'><strong><em>τεμοῦσα</em></strong></span> <span class='ocrx_word' id='word_1_55' title='bbox 281 1093 341 1154; x_wconf 85' lang='grc' dir='ltr'><strong><em>τοῦ</em></strong></span> <span class='ocrx_word' id='word_1_56' title='bbox 358 1088 469 1176; x_wconf 81' lang='grc' dir='ltr'><strong><em>Κύρου</em></strong></span> <span class='ocrx_word' id='word_1_57' title='bbox 496 1083 578 1177; x_wconf 79' lang='grc' dir='ltr'><strong><em>αῦτη</em></strong></span> <span class='ocrx_word' id='word_1_58' title='bbox 605 1087 654 1168; x_wconf 84' lang='grc' dir='ltr'><strong><em>είς</em></strong></span> <span class='ocrx_word' id='word_1_59' title='bbox 679 1084 780 1155; x_wconf 85' lang='grc' dir='ltr'><strong><em>ἀσκὸν</em></strong></span> <span class='ocrx_word' id='word_1_60' title='bbox 802 1085 940 1173; x_wconf 76' lang='grc' dir='ltr'><strong><em>ἐμβαλεῖ</em></strong></span> <span class='ocrx_word' id='word_1_61' title='bbox 959 1087 1069 1176; x_wconf 82' lang='grc' dir='ltr'><strong><em>πλήρη</em></strong></span> <span class='ocrx_word' id='word_1_62' title='bbox 1091 1085 1145 1154; x_wconf 79' lang='grc' dir='ltr'><strong><em>αἵ-</em></strong></span> 
     </span>
     <span class='ocr_line' id='line_1_10' title="bbox 105 1185 1145 1279; baseline -0.002 -22"><span class='ocrx_word' id='word_1_63' title='bbox 105 1212 221 1276; x_wconf 88' lang='grc' dir='ltr'><strong><em>ματος.</em></strong></span> <span class='ocrx_word' id='word_1_64' title='bbox 261 1185 343 1279; x_wconf 70' lang='grc' dir='ltr'><strong><em>δρᾷς</em></strong></span> <span class='ocrx_word' id='word_1_65' title='bbox 361 1190 398 1257; x_wconf 74' lang='grc' dir='ltr'><strong><em>δέ</em></strong></span> <span class='ocrx_word' id='word_1_66' title='bbox 413 1192 470 1257; x_wconf 86' lang='grc' dir='ltr'><strong><em>καί</em></strong></span> <span class='ocrx_word' id='word_1_67' title='bbox 486 1188 543 1257; x_wconf 87' lang='grc' dir='ltr'><strong><em>τὸν</em></strong></span> <span class='ocrx_word' id='word_1_68' title='bbox 559 1187 631 1258; x_wconf 76' lang='grc' dir='ltr'><strong><em>υἱὸν</em></strong></span> <span class='ocrx_word' id='word_1_69' title='bbox 650 1187 752 1258; x_wconf 85' lang='grc' dir='ltr'><strong><em>αότσῦ</em></strong></span> <span class='ocrx_word' id='word_1_70' title='bbox 768 1188 826 1258; x_wconf 88' lang='grc' dir='ltr'><strong><em>τὸν</em></strong></span> <span class='ocrx_word' id='word_1_71' title='bbox 842 1194 1025 1273; x_wconf 73' lang='grc' dir='ltr'><strong><em>νεανίσκον,</em></strong></span> <span class='ocrx_word' id='word_1_72' title='bbox 1050 1198 1145 1270; x_wconf 85' lang='grc' dir='ltr'><strong><em>Καμ-</em></strong></span> 
     </span>
     <span class='ocr_line' id='line_1_11' title="bbox 105 1283 1145 1380; baseline -0.002 -21"><span class='ocrx_word' id='word_1_73' title='bbox 105 1293 210 1380; x_wconf 87' lang='grc' dir='ltr'><strong><em>βύσης</em></strong></span> <span class='ocrx_word' id='word_1_74' title='bbox 228 1291 354 1371; x_wconf 80' lang='grc' dir='ltr'><strong><em>έκεῖνός</em></strong></span> <span class='ocrx_word' id='word_1_75' title='bbox 376 1288 478 1359; x_wconf 74' lang='grc' dir='ltr'><strong><em>ἔστιν·</em></strong></span> <span class='ocrx_word' id='word_1_76' title='bbox 510 1283 606 1372; x_wconf 75' lang='grc' dir='ltr'><strong><em>οὗτος</em></strong></span> <span class='ocrx_word' id='word_1_77' title='bbox 626 1293 816 1379; x_wconf 80' lang='grc' dir='ltr'><strong><em>βασιλεύσει</em></strong></span> <span class='ocrx_word' id='word_1_78' title='bbox 836 1289 920 1379; x_wconf 83' lang='grc' dir='ltr'><strong><em>μετὰ</em></strong></span> <span class='ocrx_word' id='word_1_79' title='bbox 940 1288 998 1361; x_wconf 84' lang='grc' dir='ltr'><strong><em>τὸν</em></strong></span> <span class='ocrx_word' id='word_1_80' title='bbox 1014 1296 1145 1379; x_wconf 82' lang='grc' dir='ltr'><strong><em>πατέρα</em></strong></span> 
     </span>
     <span class='ocr_line' id='line_1_12' title="bbox 105 1392 1151 1500; baseline 0 -39"><span class='ocrx_word' id='word_1_81' title='bbox 105 1397 161 1461; x_wconf 82' lang='grc' dir='ltr'><strong><em>καί</em></strong></span> <span class='ocrx_word' id='word_1_82' title='bbox 181 1398 290 1485; x_wconf 88' lang='grc' dir='ltr'><strong><em>μυρία</em></strong></span> <span class='ocrx_word' id='word_1_83' title='bbox 312 1395 451 1481; x_wconf 84' lang='grc' dir='ltr'><strong><em>σφαλεὶς</em></strong></span> <span class='ocrx_word' id='word_1_84' title='bbox 474 1394 507 1463; x_wconf 83' lang='grc' dir='ltr'><strong><em>’έν</em></strong></span> <span class='ocrx_word' id='word_1_85' title='bbox 528 1419 564 1463; x_wconf 89' lang='grc' dir='ltr'><strong><em>τε</em></strong></span> <span class='ocrx_word' id='word_1_86' title='bbox 581 1400 622 1484; x_wconf 81' lang='grc' dir='ltr'><strong><em>τῇ</em></strong></span> <span class='ocrx_word' id='word_1_87' title='bbox 637 1395 747 1485; x_wconf 87' lang='grc' dir='ltr'><strong><em>Λιβύῃ</em></strong></span> <span class='ocrx_word' id='word_1_88' title='bbox 769 1397 824 1463; x_wconf 84' lang='grc' dir='ltr'><strong><em>καὶ</em></strong></span> <span class='ocrx_word' id='word_1_89' title='bbox 840 1395 1014 1485; x_wconf 76' lang='grc' dir='ltr'><strong><em>Αἰθιοπίη</em></strong></span> <span class='ocrx_word' id='word_1_90' title='bbox 1035 1392 1074 1462; x_wconf 85' lang='grc' dir='ltr'><strong><em>τό</em></strong></span> <span class='ocrx_word' id='word_1_91' title='bbox 1091 1418 1151 1500; x_wconf 51' lang='grc' dir='ltr'><strong><em>τε,</em></strong></span> 
     </span>
     <span class='ocr_line' id='line_1_13' title="bbox 106 1486 1040 1581; baseline 0.001 -17"><span class='ocrx_word' id='word_1_92' title='bbox 106 1498 261 1566; x_wconf 85' lang='grc' dir='ltr'><strong><em>λεσταῖον</em></strong></span> <span class='ocrx_word' id='word_1_93' title='bbox 278 1498 393 1581; x_wconf 82' lang='grc' dir='ltr'><strong><em>μανείς</em></strong></span> <span class='ocrx_word' id='word_1_94' title='bbox 410 1493 637 1565; x_wconf 69' lang='grc' dir='ltr'><strong><em>ἀποθανεῖται</em></strong></span> <span class='ocrx_word' id='word_1_95' title='bbox 654 1494 850 1577; x_wconf 74' lang='grc' dir='ltr'><strong><em>ἀποκτείνας</em></strong></span> <span class='ocrx_word' id='word_1_96' title='bbox 866 1494 923 1565; x_wconf 84' lang='grc' dir='ltr'><strong><em>τὸν</em></strong></span> <span class='ocrx_word' id='word_1_97' title='bbox 937 1486 1040 1566; x_wconf 67' lang='grc' dir='ltr'><strong><em>ἶίπιν.</em></strong></span> 
     </span>
    </p>

    <p class='ocr_par' dir='ltr' id='par_1_4' title="bbox 107 1595 1202 2299">
     <span class='ocr_line' id='line_1_14' title="bbox 156 1595 1145 1686; baseline -0.004 -16"><span class='ocrx_word' id='word_1_98' title='bbox 156 1614 244 1670; x_wconf 82' lang='lat' dir='ltr'>XAP.</span> <span class='ocrx_word' id='word_1_99' title='bbox 285 1595 320 1667; x_wconf 70' lang='grc' dir='ltr'><em>Ὦ</em></span> <span class='ocrx_word' id='word_1_100' title='bbox 345 1600 471 1667; x_wconf 89' lang='grc' dir='ltr'><strong><em>πολλοῦ</em></strong></span> <span class='ocrx_word' id='word_1_101' title='bbox 496 1602 647 1686; x_wconf 75' lang='grc' dir='ltr'><strong><em>γέλωτος.</em></strong></span> <span class='ocrx_word' id='word_1_102' title='bbox 688 1597 773 1667; x_wconf 86' lang='grc' dir='ltr'><strong><em>ἀλλά</em></strong></span> <span class='ocrx_word' id='word_1_103' title='bbox 798 1604 854 1667; x_wconf 90' lang='grc' dir='ltr'><strong><em>νῦν</em></strong></span> <span class='ocrx_word' id='word_1_104' title='bbox 880 1604 932 1680; x_wconf 92' lang='grc' dir='ltr'><strong><em>τίς</em></strong></span> <span class='ocrx_word' id='word_1_105' title='bbox 957 1597 998 1667; x_wconf 84' lang='grc' dir='ltr'><strong><em>ἀν</em></strong></span> <span class='ocrx_word' id='word_1_106' title='bbox 1024 1595 1145 1679; x_wconf 84' lang='grc' dir='ltr'><strong><em>αῦτοῦς</em></strong></span> 
     </span>
     <span class='ocr_line' id='line_1_15' title="bbox 107 1696 1145 1791; baseline 0 -23"><span class='ocrx_word' id='word_1_107' title='bbox 107 1704 355 1791; x_wconf 82' lang='grc' dir='ltr'><strong><em>προσβλέψειεν</em></strong></span> <span class='ocrx_word' id='word_1_108' title='bbox 374 1696 479 1781; x_wconf 82' lang='grc' dir='ltr'><strong><em>οῦτως</em></strong></span> <span class='ocrx_word' id='word_1_109' title='bbox 495 1698 784 1790; x_wconf 85' lang='grc' dir='ltr'><strong><em>ῦπερφρονοῦντας</em></strong></span> <span class='ocrx_word' id='word_1_110' title='bbox 805 1708 871 1770; x_wconf 82' lang='grc' dir='ltr'><strong><em>τῶν</em></strong></span> <span class='ocrx_word' id='word_1_111' title='bbox 893 1699 1017 1786; x_wconf 69' lang='grc' dir='ltr'><strong><em>ἀλλων,</em></strong></span> <span class='ocrx_word' id='word_1_112' title='bbox 1051 1697 1073 1791; x_wconf 80' lang='grc' dir='ltr'><em>ἢ</em></span> <span class='ocrx_word' id='word_1_113' title='bbox 1093 1706 1145 1780; x_wconf 89' lang='grc' dir='ltr'><strong><em>τίς</em></strong></span> 
     </span>
     <span class='ocr_line' id='line_1_16' title="bbox 108 1794 1142 1893; baseline 0.002 -25"><span class='ocrx_word' id='word_1_114' title='bbox 108 1799 147 1871; x_wconf 88' lang='grc' dir='ltr'><strong><em>ἀν</em></strong></span> <span class='ocrx_word' id='word_1_115' title='bbox 159 1804 373 1873; x_wconf 81' lang='grc' dir='ltr'><strong><em>πιστεύσειεν</em></strong></span> <span class='ocrx_word' id='word_1_116' title='bbox 386 1801 432 1884; x_wconf 83' lang='grc' dir='ltr'><strong><em>ιῦς</em></strong></span> <span class='ocrx_word' id='word_1_117' title='bbox 444 1801 513 1889; x_wconf 78' lang='grc' dir='ltr'><strong><em>μετ’</em></strong></span> <span class='ocrx_word' id='word_1_118' title='bbox 526 1801 635 1893; x_wconf 85' lang='grc' dir='ltr'><strong><em>ὀλίγον</em></strong></span> <span class='ocrx_word' id='word_1_119' title='bbox 646 1794 741 1884; x_wconf 78' lang='grc' dir='ltr'><strong><em>οὗτος</em></strong></span> <span class='ocrx_word' id='word_1_120' title='bbox 752 1804 811 1889; x_wconf 81' lang='grc' dir='ltr'><strong><em>μέν</em></strong></span> <span class='ocrx_word' id='word_1_121' title='bbox 821 1805 1027 1888; x_wconf 81' lang='grc' dir='ltr'><strong><em>αἰχμάλωτος</em></strong></span> <span class='ocrx_word' id='word_1_122' title='bbox 1041 1804 1142 1885; x_wconf 68' lang='grc' dir='ltr'><strong><em>ἔσται,</em></strong></span> 
     </span>
     <span class='ocr_line' id='line_1_17' title="bbox 109 1895 1196 1996; baseline 0.003 -24"><span class='ocrx_word' id='word_1_123' title='bbox 109 1895 203 1986; x_wconf 76' lang='grc' dir='ltr'><strong><em>οὗτος</em></strong></span> <span class='ocrx_word' id='word_1_124' title='bbox 222 1908 262 1975; x_wconf 76' lang='grc' dir='ltr'><strong><em>δὲ</em></strong></span> <span class='ocrx_word' id='word_1_125' title='bbox 279 1903 338 1995; x_wconf 82' lang='grc' dir='ltr'><strong><em>τὴν</em></strong></span> <span class='ocrx_word' id='word_1_126' title='bbox 358 1904 502 1996; x_wconf 79' lang='grc' dir='ltr'><strong><em>κεφαλὴν</em></strong></span> <span class='ocrx_word' id='word_1_127' title='bbox 520 1905 586 1990; x_wconf 70' lang='grc' dir='ltr'><strong><em>ἕξει</em></strong></span> <span class='ocrx_word' id='word_1_128' title='bbox 608 1905 641 1975; x_wconf 77' lang='grc' dir='ltr'><strong><em>έν</em></strong></span> <span class='ocrx_word' id='word_1_129' title='bbox 663 1903 754 1995; x_wconf 77' lang='grc' dir='ltr'><strong><em>ἀσκῷ</em></strong></span> <span class='ocrx_word' id='word_1_130' title='bbox 776 1906 933 1991; x_wconf 55' lang='grc' dir='ltr'><strong><em>αἵματος·</em></strong></span> <span class='ocrx_word' id='word_1_131' title='bbox 965 1905 1086 1985; x_wconf 76' lang='grc' dir='ltr'><strong><em>ἐκεῖνος</em></strong></span> <span class='ocrx_word' id='word_1_132' title='bbox 1108 1906 1144 1973; x_wconf 80' lang='grc' dir='ltr'><strong><em>δὲ</em></strong></span> <span class='ocrx_word' id='word_1_133' title='bbox 1163 1926 1196 1975; x_wconf 81' lang='grc'><strong><em>14</em></strong></span> 
     </span>
     <span class='ocr_line' id='line_1_18' title="bbox 107 2001 1202 2098; baseline 0 -25"><span class='ocrx_word' id='word_1_134' title='bbox 107 2013 156 2088; x_wconf 88' lang='grc' dir='ltr'><strong><em>τίς</em></strong></span> <span class='ocrx_word' id='word_1_135' title='bbox 175 2007 280 2092; x_wconf 72' lang='grc' dir='ltr'><strong><em>ἐστιν,</em></strong></span> <span class='ocrx_word' id='word_1_136' title='bbox 302 2001 456 2098; x_wconf 77' lang='grc' dir='ltr'><strong><em>εδἙρμῆ,</em></strong></span> <span class='ocrx_word' id='word_1_137' title='bbox 477 2006 495 2078; x_wconf 86' lang='grc' dir='ltr'><strong><em>ό</em></strong></span> <span class='ocrx_word' id='word_1_138' title='bbox 513 2006 571 2097; x_wconf 81' lang='grc' dir='ltr'><strong><em>τὴν</em></strong></span> <span class='ocrx_word' id='word_1_139' title='bbox 588 2015 765 2098; x_wconf 80' lang='grc' dir='ltr'><strong><em>πορφυρᾶν</em></strong></span> <span class='ocrx_word' id='word_1_140' title='bbox 783 2006 961 2097; x_wconf 76' lang='grc' dir='ltr'><strong><em>έξσεστρίδα</em></strong></span> <span class='ocrx_word' id='word_1_141' title='bbox 975 2006 1145 2096; x_wconf 78' lang='grc' dir='ltr'><strong><em>έμπεπορ-</em></strong></span> <span class='ocrx_word' id='word_1_142' title='bbox 1197 2046 1202 2051; x_wconf 90' lang='grc'><strong>-</strong></span> 
     </span>
     <span class='ocr_line' id='line_1_19' title="bbox 108 2098 1145 2207; baseline -0.003 -27"><span class='ocrx_word' id='word_1_143' title='bbox 108 2115 269 2198; x_wconf 79' lang='grc' dir='ltr'><strong><em>νενημένος,</em></strong></span> <span class='ocrx_word' id='word_1_144' title='bbox 290 2108 364 2179; x_wconf 86' lang='grc' dir='ltr'><strong><em>ότδ</em></strong></span> <span class='ocrx_word' id='word_1_145' title='bbox 384 2111 543 2201; x_wconf 89' lang='grc' dir='ltr'><strong><em>διάδημα,</em></strong></span> <span class='ocrx_word' id='word_1_146' title='bbox 564 2098 659 2200; x_wconf 78' lang='grc' dir='ltr'><strong><em>ᾦτὸν</em></strong></span> <span class='ocrx_word' id='word_1_147' title='bbox 673 2111 845 2207; x_wconf 77' lang='grc' dir='ltr'><strong><em>δακτύλιον</em></strong></span> <span class='ocrx_word' id='word_1_148' title='bbox 859 2106 877 2178; x_wconf 85' lang='grc' dir='ltr'><strong><em>ό</em></strong></span> <span class='ocrx_word' id='word_1_149' title='bbox 891 2110 1048 2199; x_wconf 90' lang='grc' dir='ltr'><strong><em>μάγειρος</em></strong></span> <span class='ocrx_word' id='word_1_150' title='bbox 1066 2106 1145 2178; x_wconf 86' lang='grc' dir='ltr'><strong><em>ἀνα-</em></strong></span> 
     </span>
     <span class='ocr_line' id='line_1_20' title="bbox 110 2210 622 2299; baseline 0.008 -21"><span class='ocrx_word' id='word_1_151' title='bbox 110 2210 227 2282; x_wconf 87' lang='grc' dir='ltr'><strong><em>δίδωσι</em></strong></span> <span class='ocrx_word' id='word_1_152' title='bbox 246 2210 305 2282; x_wconf 88' lang='grc' dir='ltr'><strong><em>τὸν</em></strong></span> <span class='ocrx_word' id='word_1_153' title='bbox 324 2211 422 2297; x_wconf 75' lang='grc' dir='ltr'><strong><em>ἰχθὺν</em></strong></span> <span class='ocrx_word' id='word_1_154' title='bbox 439 2211 622 2299; x_wconf 78' lang='grc' dir='ltr'><strong><em>ἀνατεμών,</em></strong></span> 
     </span>
    </p>

    <p class='ocr_par' dir='ltr' id='par_1_5' title="bbox 191 2311 1092 2406">
     <span class='ocr_line' id='line_1_21' title="bbox 191 2311 1092 2406; baseline -0.003 -21"><span class='ocrx_word' id='word_1_155' title='bbox 191 2318 285 2406; x_wconf 81' lang='grc' dir='ltr'><strong><em>νήσῳ</em></strong></span> <span class='ocrx_word' id='word_1_156' title='bbox 305 2314 339 2383; x_wconf 83' lang='grc' dir='ltr'><strong><em>έν</em></strong></span> <span class='ocrx_word' id='word_1_157' title='bbox 356 2312 524 2406; x_wconf 86' lang='grc' dir='ltr'><strong><em>ἀμφιρύτῃ</em></strong></span> <span class='ocrx_word' id='word_1_158' title='bbox 530 2347 541 2400; x_wconf 89' lang='grc'><strong><em>;</em></strong></span> <span class='ocrx_word' id='word_1_159' title='bbox 558 2314 713 2403; x_wconf 85' lang='grc' dir='ltr'><strong><em>βασιλεὺς</em></strong></span> <span class='ocrx_word' id='word_1_160' title='bbox 731 2318 768 2385; x_wconf 85' lang='grc' dir='ltr'><strong><em>δέ</em></strong></span> <span class='ocrx_word' id='word_1_161' title='bbox 784 2311 980 2400; x_wconf 86' lang='grc' dir='ltr'><strong><em>τιςεόχεται</em></strong></span> <span class='ocrx_word' id='word_1_162' title='bbox 998 2313 1092 2385; x_wconf 79' lang='grc' dir='ltr'><strong><em>εἶναι.</em></strong></span> 
     </span>
    </p>

    <p class='ocr_par' dir='ltr' id='par_1_6' title="bbox 109 2408 1146 3022">
     <span class='ocr_line' id='line_1_22' title="bbox 158 2408 1145 2509; baseline -0.003 -20"><span class='ocrx_word' id='word_1_163' title='bbox 158 2433 248 2489; x_wconf 75' lang='lat' dir='ltr'><strong>EPM.</strong></span> <span class='ocrx_word' id='word_1_164' title='bbox 284 2408 333 2486; x_wconf 78' lang='grc' dir='ltr'><strong><em>Εὖ</em></strong></span> <span class='ocrx_word' id='word_1_165' title='bbox 356 2443 392 2506; x_wconf 85' lang='grc' dir='ltr'><strong><em>γε</em></strong></span> <span class='ocrx_word' id='word_1_166' title='bbox 413 2419 583 2507; x_wconf 78' lang='grc' dir='ltr'><strong><em>παρῳδεῖς</em></strong></span> <span class='ocrx_word' id='word_1_167' title='bbox 603 2416 680 2509; x_wconf 78' lang='grc' dir='ltr'><strong><em>ἤδη,</em></strong></span> <span class='ocrx_word' id='word_1_168' title='bbox 709 2410 890 2508; x_wconf 79' lang='grc' dir='ltr'><strong><em>άΧάρων.</em></strong></span> <span class='ocrx_word' id='word_1_169' title='bbox 931 2415 1015 2485; x_wconf 84' lang='grc' dir='ltr'><strong><em>ἀλλὰ</em></strong></span> <span class='ocrx_word' id='word_1_170' title='bbox 1036 2420 1145 2487; x_wconf 85' lang='grc' dir='ltr'><strong><em>Πολυ-</em></strong></span> 
     </span>
     <span class='ocr_line' id='line_1_23' title="bbox 110 2516 1146 2612; baseline 0.003 -27"><span class='ocrx_word' id='word_1_171' title='bbox 110 2520 230 2611; x_wconf 85' lang='grc' dir='ltr'><strong><em>κράτην</em></strong></span> <span class='ocrx_word' id='word_1_172' title='bbox 258 2516 338 2610; x_wconf 70' lang='grc' dir='ltr'><strong><em>δρᾷς</em></strong></span> <span class='ocrx_word' id='word_1_173' title='bbox 363 2519 422 2588; x_wconf 88' lang='grc' dir='ltr'><strong><em>τόν</em></strong></span> <span class='ocrx_word' id='word_1_174' title='bbox 438 2526 573 2607; x_wconf 90' lang='grc' dir='ltr'><strong><em>Σαμίων</em></strong></span> <span class='ocrx_word' id='word_1_175' title='bbox 597 2522 753 2612; x_wconf 87' lang='grc' dir='ltr'><strong><em>τύραννον</em></strong></span> <span class='ocrx_word' id='word_1_176' title='bbox 778 2521 1026 2606; x_wconf 87' lang='grc' dir='ltr'><strong><em>πανευδαίμονα</em></strong></span> <span class='ocrx_word' id='word_1_177' title='bbox 1047 2516 1146 2609; x_wconf 74' lang='grc' dir='ltr'><strong><em>ἡγού-</em></strong></span> 
     </span>
     <span class='ocr_line' id='line_1_24' title="bbox 110 2614 1145 2709; baseline -0.001 -18"><span class='ocrx_word' id='word_1_178' title='bbox 110 2646 204 2706; x_wconf 86' lang='grc' dir='ltr'><strong><em>μενον</em></strong></span> <span class='ocrx_word' id='word_1_179' title='bbox 228 2619 329 2691; x_wconf 78' lang='grc' dir='ltr'><strong><em>εἶναι·</em></strong></span> <span class='ocrx_word' id='word_1_180' title='bbox 361 2620 444 2709; x_wconf 82' lang='grc' dir='ltr'><strong><em>ἀτάρ</em></strong></span> <span class='ocrx_word' id='word_1_181' title='bbox 462 2614 631 2704; x_wconf 77' lang='grc' dir='ltr'><strong><em>καὶοῦτος</em></strong></span> <span class='ocrx_word' id='word_1_182' title='bbox 653 2621 753 2703; x_wconf 88' lang='grc' dir='ltr'><strong><em>αότὸς</em></strong></span> <span class='ocrx_word' id='word_1_183' title='bbox 770 2620 838 2691; x_wconf 78' lang='grc' dir='ltr'><strong><em>ἀπὸ</em></strong></span> <span class='ocrx_word' id='word_1_184' title='bbox 855 2629 914 2690; x_wconf 91' lang='grc' dir='ltr'><strong><em>τοῦ</em></strong></span> <span class='ocrx_word' id='word_1_185' title='bbox 931 2629 1145 2708; x_wconf 80' lang='grc' dir='ltr'><strong><em>παρεστῶτος</em></strong></span> 
     </span>
     <span class='ocr_line' id='line_1_25' title="bbox 110 2721 1145 2816; baseline 0 -26"><span class='ocrx_word' id='word_1_186' title='bbox 110 2723 241 2794; x_wconf 88' lang='grc' dir='ltr'><strong><em>σίκέτου</em></strong></span> <span class='ocrx_word' id='word_1_187' title='bbox 256 2727 461 2815; x_wconf 79' lang='grc' dir='ltr'><strong><em>Μαιανδρίου</em></strong></span> <span class='ocrx_word' id='word_1_188' title='bbox 479 2727 665 2812; x_wconf 77' lang='grc' dir='ltr'><strong><em>προδοθεὶς</em></strong></span> <span class='ocrx_word' id='word_1_189' title='bbox 677 2724 800 2816; x_wconf 79' lang='grc' dir='ltr'><strong><em>Ὀροίτῃ</em></strong></span> <span class='ocrx_word' id='word_1_190' title='bbox 821 2731 871 2813; x_wconf 79' lang='grc' dir='ltr'><strong><em>τῷ</em></strong></span> <span class='ocrx_word' id='word_1_191' title='bbox 893 2725 1047 2814; x_wconf 82' lang='grc' dir='ltr'><strong><em>σατράπῃ</em></strong></span> <span class='ocrx_word' id='word_1_192' title='bbox 1066 2721 1145 2791; x_wconf 89' lang='grc' dir='ltr'><strong><em>ἀνα-</em></strong></span> 
     </span>
     <span class='ocr_line' id='line_1_26' title="bbox 109 2825 1145 2918; baseline 0.003 -25"><span class='ocrx_word' id='word_1_193' title='bbox 109 2828 419 2918; x_wconf 80' lang='grc' dir='ltr'><strong><em>σκολοπισθήσεται</em></strong></span> <span class='ocrx_word' id='word_1_194' title='bbox 450 2825 572 2910; x_wconf 86' lang='grc' dir='ltr'><strong><em>ἀθλιος</em></strong></span> <span class='ocrx_word' id='word_1_195' title='bbox 602 2827 749 2898; x_wconf 70' lang='grc' dir='ltr'><strong><em>ἐκπεσὼν</em></strong></span> <span class='ocrx_word' id='word_1_196' title='bbox 778 2835 836 2918; x_wconf 76' lang='grc' dir='ltr'><strong><em>τῆς</em></strong></span> <span class='ocrx_word' id='word_1_197' title='bbox 866 2826 1078 2913; x_wconf 78' lang='grc' dir='ltr'><strong><em>εὐδαιμονίας</em></strong></span> <span class='ocrx_word' id='word_1_198' title='bbox 1112 2825 1145 2896; x_wconf 79' lang='grc' dir='ltr'><strong><em>έν</em></strong></span> 
     </span>
     <span class='ocr_line' id='line_1_27' title="bbox 111 2925 213 3022; baseline 0.049 -27"><span class='ocrx_word' id='word_1_199' title='bbox 111 2925 213 3022; x_wconf 86' lang='grc' dir='ltr'><strong><em>ἀναρε</em></strong></span> 
     </span>
    </p>

    <p class='ocr_par' dir='ltr' id='par_1_7' title="bbox 113 3024 1147 3534">
     <span class='ocr_line' id='line_1_28' title="bbox 161 3024 1146 3123; baseline -0.004 -17"><span class='ocrx_word' id='word_1_200' title='bbox 161 3050 252 3106; x_wconf 83' lang='grc' dir='ltr'><strong><em>ΧΑΡ.</em></strong></span> <span class='ocrx_word' id='word_1_201' title='bbox 282 3032 420 3123; x_wconf 64' lang='grc' dir='ltr'><strong><em>Ἅγαμαι</em></strong></span> <span class='ocrx_word' id='word_1_202' title='bbox 436 3034 614 3116; x_wconf 80' lang='grc' dir='ltr'><strong><em>Κλωθοῦς·</em></strong></span> <span class='ocrx_word' id='word_1_203' title='bbox 632 3040 783 3122; x_wconf 81' lang='grc' dir='ltr'><strong><em>γεννικῶς</em></strong></span> <span class='ocrx_word' id='word_1_204' title='bbox 799 3031 853 3103; x_wconf 78' lang='grc' dir='ltr'><strong><em>κύν’</em></strong></span> <span class='ocrx_word' id='word_1_205' title='bbox 869 3031 1001 3119; x_wconf 86' lang='grc' dir='ltr'><strong><em>αύτσῦς,</em></strong></span> <span class='ocrx_word' id='word_1_206' title='bbox 1026 3024 1054 3099; x_wconf 80' lang='grc' dir='ltr'><em>ὦ</em></span> <span class='ocrx_word' id='word_1_207' title='bbox 1071 3033 1146 3119; x_wconf 85' lang='grc' dir='ltr'><strong><em>βελ-</em></strong></span> 
     </span>
     <span class='ocr_line' id='line_1_29' title="bbox 113 3132 1147 3229; baseline 0.002 -29"><span class='ocrx_word' id='word_1_208' title='bbox 113 3138 222 3229; x_wconf 89' lang='grc' dir='ltr'><strong><em>τίστη,</em></strong></span> <span class='ocrx_word' id='word_1_209' title='bbox 249 3139 305 3205; x_wconf 77' lang='grc' dir='ltr'><strong><em>καί</em></strong></span> <span class='ocrx_word' id='word_1_210' title='bbox 322 3135 383 3217; x_wconf 82' lang='grc' dir='ltr'><strong><em>τὰς</em></strong></span> <span class='ocrx_word' id='word_1_211' title='bbox 399 3135 545 3227; x_wconf 82' lang='grc' dir='ltr'><strong><em>κεφαλὰς</em></strong></span> <span class='ocrx_word' id='word_1_212' title='bbox 562 3134 729 3222; x_wconf 80' lang='grc' dir='ltr'><strong><em>ἀπότεμνε</em></strong></span> <span class='ocrx_word' id='word_1_213' title='bbox 745 3139 801 3205; x_wconf 83' lang='grc' dir='ltr'><strong><em>καί</em></strong></span> <span class='ocrx_word' id='word_1_214' title='bbox 819 3133 1071 3219; x_wconf 85' lang='grc' dir='ltr'><strong><em>ἀνασκολόπιζε,</em></strong></span> <span class='ocrx_word' id='word_1_215' title='bbox 1101 3132 1147 3215; x_wconf 78' lang='grc' dir='ltr'><strong><em>ὡς</em></strong></span> 
     </span>
     <span class='ocr_line' id='line_1_30' title="bbox 115 3235 1147 3330; baseline 0 -27"><span class='ocrx_word' id='word_1_216' title='bbox 115 3237 247 3310; x_wconf 75' lang='grc' dir='ltr'><strong><em>εἰδῶσιν</em></strong></span> <span class='ocrx_word' id='word_1_217' title='bbox 266 3236 445 3330; x_wconf 88' lang='grc' dir='ltr'><strong><em>ἀνθρωποι</em></strong></span> <span class='ocrx_word' id='word_1_218' title='bbox 463 3236 568 3320; x_wconf 88' lang='grc' dir='ltr'><strong><em>όντες·</em></strong></span> <span class='ocrx_word' id='word_1_219' title='bbox 596 3238 629 3306; x_wconf 90' lang='grc' dir='ltr'><strong><em>έν</em></strong></span> <span class='ocrx_word' id='word_1_220' title='bbox 645 3239 794 3328; x_wconf 87' lang='grc' dir='ltr'><strong><em>τοσούτῳ</em></strong></span> <span class='ocrx_word' id='word_1_221' title='bbox 813 3240 851 3307; x_wconf 78' lang='grc' dir='ltr'><strong><em>δὲ</em></strong></span> <span class='ocrx_word' id='word_1_222' title='bbox 868 3239 1082 3330; x_wconf 78' lang='grc' dir='ltr'><strong><em>ἐπαιρέσθων</em></strong></span> <span class='ocrx_word' id='word_1_223' title='bbox 1101 3235 1147 3317; x_wconf 78' lang='grc' dir='ltr'><strong><em>ὥς</em></strong></span> 
     </span>
     <span class='ocr_line' id='line_1_31' title="bbox 116 3334 1145 3434; baseline -0.002 -28"><span class='ocrx_word' id='word_1_224' title='bbox 116 3334 154 3409; x_wconf 85' lang='grc' dir='ltr'><strong><em>ἀν</em></strong></span> <span class='ocrx_word' id='word_1_225' title='bbox 179 3341 238 3433; x_wconf 75' lang='grc' dir='ltr'><strong><em>ἀφ’</em></strong></span> <span class='ocrx_word' id='word_1_226' title='bbox 262 3339 469 3434; x_wconf 80' lang='grc' dir='ltr'><strong><em>ῦψηλοτέρου</em></strong></span> <span class='ocrx_word' id='word_1_227' title='bbox 497 3339 722 3429; x_wconf 87' lang='grc' dir='ltr'><strong><em>ἀλγεινότερον</em></strong></span> <span class='ocrx_word' id='word_1_228' title='bbox 734 3342 1041 3427; x_wconf 73' lang='grc' dir='ltr'><strong><em>καταπεσούμενοι.</em></strong></span> <span class='ocrx_word' id='word_1_229' title='bbox 1082 3336 1145 3425; x_wconf 78' lang='grc' dir='ltr'><strong><em>ίγώ</em></strong></span> 
     </span>
     <span class='ocr_line' id='line_1_32' title="bbox 117 3438 1147 3534; baseline -0.003 -25"><span class='ocrx_word' id='word_1_230' title='bbox 117 3438 151 3511; x_wconf 66' lang='grc' dir='ltr'><strong><em>δέ</em></strong></span> <span class='ocrx_word' id='word_1_231' title='bbox 167 3445 351 3534; x_wconf 88' lang='grc' dir='ltr'><strong><em>γελάσομαι</em></strong></span> <span class='ocrx_word' id='word_1_232' title='bbox 366 3446 443 3513; x_wconf 91' lang='grc' dir='ltr'><strong><em>τότε</em></strong></span> <span class='ocrx_word' id='word_1_233' title='bbox 459 3450 621 3533; x_wconf 88' lang='grc' dir='ltr'><strong><em>γνωρίσας</em></strong></span> <span class='ocrx_word' id='word_1_234' title='bbox 639 3440 746 3511; x_wconf 83' lang='grc' dir='ltr'><strong><em>αύτῶν</em></strong></span> <span class='ocrx_word' id='word_1_235' title='bbox 764 3442 901 3511; x_wconf 69' lang='grc' dir='ltr'><strong><em>ἕκαστον</em></strong></span> <span class='ocrx_word' id='word_1_236' title='bbox 916 3439 1037 3532; x_wconf 81' lang='grc' dir='ltr'><strong><em>γυμνόν</em></strong></span> <span class='ocrx_word' id='word_1_237' title='bbox 1050 3438 1084 3508; x_wconf 81' lang='grc' dir='ltr'><strong><em>έν</em></strong></span> <span class='ocrx_word' id='word_1_238' title='bbox 1098 3445 1147 3527; x_wconf 78' lang='grc' dir='ltr'><strong><em>τῷ</em></strong></span> 
     </span>
    </p>

    <p class='ocr_par' dir='ltr' id='par_1_8' title="bbox 87 3541 1227 3737">
     <span class='ocr_line' id='line_1_33' title="bbox 87 3541 1227 3638; baseline 0.001 -29"><span class='ocrx_word' id='word_1_239' title='bbox 87 3602 91 3609; x_wconf 91' lang='grc'><strong><em>.</em></strong></span> <span class='ocrx_word' id='word_1_240' title='bbox 117 3548 281 3638; x_wconf 81' lang='grc' dir='ltr'><strong><em>σκαφιδίῳ</em></strong></span> <span class='ocrx_word' id='word_1_241' title='bbox 298 3547 381 3637; x_wconf 78' lang='grc' dir='ltr'><strong><em>μήτε</em></strong></span> <span class='ocrx_word' id='word_1_242' title='bbox 398 3545 455 3637; x_wconf 79' lang='grc' dir='ltr'><strong><em>τὴν</em></strong></span> <span class='ocrx_word' id='word_1_243' title='bbox 472 3547 666 3638; x_wconf 84' lang='grc' dir='ltr'><strong><em>πορφυρίδα</em></strong></span> <span class='ocrx_word' id='word_1_244' title='bbox 682 3546 765 3636; x_wconf 81' lang='grc' dir='ltr'><strong><em>μήτε</em></strong></span> <span class='ocrx_word' id='word_1_245' title='bbox 782 3546 899 3635; x_wconf 83' lang='grc' dir='ltr'><strong><em>τιάραν</em></strong></span> <span class='ocrx_word' id='word_1_246' title='bbox 911 3541 933 3634; x_wconf 84' lang='grc' dir='ltr'><em>ἢ</em></span> <span class='ocrx_word' id='word_1_247' title='bbox 945 3546 1053 3633; x_wconf 83' lang='grc' dir='ltr'><strong><em>κλίνην</em></strong></span> <span class='ocrx_word' id='word_1_248' title='bbox 1068 3568 1148 3632; x_wconf 80' lang='grc' dir='ltr'><strong><em>χρυ·</em></strong></span> <span class='ocrx_word' id='word_1_249' title='bbox 1223 3552 1227 3559; x_wconf 69' lang='lat'>‘</span> 
     </span>
     <span class='ocr_line' id='line_1_34' title="bbox 118 3650 394 3737; baseline 0.022 -24"><span class='ocrx_word' id='word_1_250' title='bbox 118 3653 174 3736; x_wconf 78' lang='grc' dir='ltr'><strong><em>σῆν</em></strong></span> <span class='ocrx_word' id='word_1_251' title='bbox 191 3650 394 3737; x_wconf 89' lang='grc' dir='ltr'><strong><em>κομίζοντας.</em></strong></span> 
     </span>
    </p>

    <p class='ocr_par' dir='ltr' id='par_1_9' title="bbox 119 3741 1199 4048">
     <span class='ocr_line' id='line_1_35' title="bbox 167 3741 1198 3840; baseline -0.007 -16"><span class='ocrx_word' id='word_1_252' title='bbox 167 3767 253 3824; x_wconf 74' lang='grc' dir='ltr'><strong><em>ΕΡΜ</em></strong></span> <span class='ocrx_word' id='word_1_253' title='bbox 287 3755 354 3822; x_wconf 83' lang='grc' dir='ltr'><strong><em>Καὶ</em></strong></span> <span class='ocrx_word' id='word_1_254' title='bbox 374 3750 496 3839; x_wconf 79' lang='grc' dir='ltr'><strong><em>τδιμέν</em></strong></span> <span class='ocrx_word' id='word_1_255' title='bbox 517 3751 643 3821; x_wconf 87' lang='grc' dir='ltr'><strong><em>τούτων</em></strong></span> <span class='ocrx_word' id='word_1_256' title='bbox 665 3741 731 3820; x_wconf 82' lang='grc' dir='ltr'><strong><em>ὦδε</em></strong></span> <span class='ocrx_word' id='word_1_257' title='bbox 753 3750 829 3834; x_wconf 73' lang='grc' dir='ltr'><strong><em>λέξει.</em></strong></span> <span class='ocrx_word' id='word_1_258' title='bbox 872 3747 931 3840; x_wconf 80' lang='grc' dir='ltr'><strong><em>τὴν</em></strong></span> <span class='ocrx_word' id='word_1_259' title='bbox 954 3749 991 3818; x_wconf 78' lang='grc' dir='ltr'><strong><em>δέ</em></strong></span> <span class='ocrx_word' id='word_1_260' title='bbox 1012 3745 1147 3836; x_wconf 84' lang='grc' dir='ltr'><strong><em>πληθὺν</em></strong></span> <span class='ocrx_word' id='word_1_261' title='bbox 1166 3767 1198 3819; x_wconf 82' lang='lat'><strong><em>15</em></strong></span> 
     </span>
     <span class='ocr_line' id='line_1_36' title="bbox 120 3843 1147 3946; baseline 0.002 -29"><span class='ocrx_word' id='word_1_262' title='bbox 120 3843 211 3943; x_wconf 76' lang='grc' dir='ltr'><strong><em>δρᾷς,</em></strong></span> <span class='ocrx_word' id='word_1_263' title='bbox 239 3845 419 3946; x_wconf 80' lang='grc' dir='ltr'><strong><em>ὦΧόρων,</em></strong></span> <span class='ocrx_word' id='word_1_264' title='bbox 446 3852 524 3936; x_wconf 81' lang='grc' dir='ltr'><strong><em>τοῦς</em></strong></span> <span class='ocrx_word' id='word_1_265' title='bbox 539 3856 701 3934; x_wconf 84' lang='grc' dir='ltr'><strong><em>πλέοντας</em></strong></span> <span class='ocrx_word' id='word_1_266' title='bbox 718 3849 838 3936; x_wconf 79' lang='grc' dir='ltr'><strong><em>αότεῦν,</em></strong></span> <span class='ocrx_word' id='word_1_267' title='bbox 865 3851 944 3933; x_wconf 80' lang='grc' dir='ltr'><strong><em>τοὺς</em></strong></span> <span class='ocrx_word' id='word_1_268' title='bbox 965 3857 1147 3937; x_wconf 89' lang='grc' dir='ltr'><strong><em>πολεμοῦν-</em></strong></span> 
     </span>
     <span class='ocr_line' id='line_1_37' title="bbox 119 3952 1199 4048; baseline -0.006 -21"><span class='ocrx_word' id='word_1_269' title='bbox 119 3976 190 4038; x_wconf 78' lang='grc' dir='ltr'><strong><em>τας,</em></strong></span> <span class='ocrx_word' id='word_1_270' title='bbox 216 3957 293 4040; x_wconf 81' lang='grc' dir='ltr'><strong><em>τοὺς</em></strong></span> <span class='ocrx_word' id='word_1_271' title='bbox 311 3959 552 4045; x_wconf 82' lang='grc' dir='ltr'><strong><em>δικαζομένους,</em></strong></span> <span class='ocrx_word' id='word_1_272' title='bbox 579 3954 659 4037; x_wconf 85' lang='grc' dir='ltr'><strong><em>τοῦς</em></strong></span> <span class='ocrx_word' id='word_1_273' title='bbox 678 3963 913 4048; x_wconf 88' lang='grc' dir='ltr'><strong><em>γεωργοῦντας,</em></strong></span> <span class='ocrx_word' id='word_1_274' title='bbox 940 3952 1019 4035; x_wconf 82' lang='grc' dir='ltr'><strong><em>τοὺς</em></strong></span> <span class='ocrx_word' id='word_1_275' title='bbox 1041 3955 1148 4024; x_wconf 88' lang='grc' dir='ltr'><strong><em>δανεί-</em></strong></span> <span class='ocrx_word' id='word_1_276' title='bbox 1191 3954 1199 3997; x_wconf 72' lang='grc' dir='ltr'>ἶ</span> 
     </span>
    </p>
   </div>
   <div class='ocr_carea' id='block_1_2' title="bbox 122 4052 974 4216">
    <p class='ocr_par' dir='ltr' id='par_1_10' title="bbox 122 4052 974 4216">
     <span class='ocr_line' id='line_1_38' title="bbox 122 4052 952 4216; baseline 0.001 -89"><span class='ocrx_word' id='word_1_277' title='bbox 122 4052 244 4146; x_wconf 85' lang='grc' dir='ltr'><strong><em>ζοντας,</em></strong></span> <span class='ocrx_word' id='word_1_278' title='bbox 263 4060 341 4142; x_wconf 83' lang='grc' dir='ltr'><strong><em>τοῦς</em></strong></span> <span class='ocrx_word' id='word_1_279' title='bbox 357 4066 634 4153; x_wconf 73' lang='grc' dir='ltr'><strong><em>προσαιτοῦνταςς</em></strong></span> <span class='ocrx_word' id='word_1_280' title='bbox 918 4159 952 4216; x_wconf 63' lang='lat'><strong><em>12</em></strong></span> 
     </span>
     <span class='ocr_line' id='line_1_39' title="bbox 184 4163 974 4192; baseline -0.001 1"><span class='ocrx_word' id='word_1_281' title='bbox 184 4164 186 4169; x_wconf 67' lang='lat'>,</span> <span class='ocrx_word' id='word_1_282' title='bbox 961 4163 974 4192; x_wconf 66' lang='grc' dir='ltr'><strong><em>ι</em></strong></span> 
     </span>
    </p>
   </div>
   <div class='ocr_carea' id='block_1_3' title="bbox 0 0 1385 4632">
    <p class='ocr_par' dir='ltr' id='par_1_11' title="bbox 0 0 1385 4632">
     <span class='ocr_line' id='line_1_40' title="bbox 0 0 1385 4632; baseline 0 0"><span class='ocrx_word' id='word_1_283' title='bbox 0 0 1385 4632; x_wconf 95' lang='lat' dir='ltr'><strong><em> </em></strong></span> 
     </span>
    </p>
   </div>
  </div>
 </body>
</html>
