2752 4632
152 230 246 288 XVII.
259 228 361 284 ΠΕΡΙ
377 229 461 284 ΤΩΝ
477 228 701 306 1311161266
719 229 951 287 ΣΥΝΟΝΤΩΝ
965 229 1074 285 15-18.
1096 215 1162 281 253

135 332 371 425 ίητρυφήσων
366 335 423 403 καὶ
443 335 594 418 μεθέξων
615 329 725 403 αύτῶν
745 332 943 418 έξλσατιμί·
930 361 979 416 ας.
1014 335 1081 404 οίει
1097 333 1162 425 γάρ

84 494 86 499 ,
136 438 241 523 εἰσαεὶ
259 434 420 525 Διονύσια
438 433 618 524 ἑορτάσειν,
645 442 703 507 καί
718 462 785 504 που
803 438 860 503 καλ
875 437 1031 523 μειράκια
1053 434 1164 528 ῶραῑα

135 516 372 630 διακονούμενα
397 539 453 607 καὶ
478 534 583 627 ἠρέμα
607 540 877 628 προσμειδιῶντα
907 542 1162 629 γλαφυρωτέραν

134 641 325 730 ὑπογράφει
344 664 403 718 σοι
423 638 481 728 τήν
497 643 680 726 μέλλουσαν
702 639 937 731 διατριβήν,
911 639 1001 713 ιόστε
1021 649 1164 726 συνεχῶς

135 742 174 829 τὸ
189 742 354 835 Ὁμηρικὸν
371 741 474 812 ἐκεῖνο
492 743 776 834 ἐπιφθέγγεσθαι,

193 880 196 884 “
270 843 307 915 οῦ
326 849 455 931 νέμεσις
475 853 588 934 Τρῶας
604 849 660 915 καὶ
678 845 871 935 ἐϋκνήμιδας
884 843 1032 931 Ἀχαιούς
1092 892 1096 905 ›

135 946 246 1025 πολλὰ
267 960 381 1018 πονεῖν
403 951 459 1017 καὶ
481 945 656 1072 ύπρμένειν
676 945 761 1038 ύπδρ
782 956 840 1037 τής
865 950 1028 1039 τοσαύτης
1054 946 1165 1019 εὔδαι-

134 1077 204 1175 μον
200 1058 263 1131 ί.ας
294 1052 494 1176 φιλοτησίαι
511 1077 549 1118 το
536 1049 626 1121 ίπὶ
642 1051 765 1138 τούτῳ,
784 1054 840 1123 καλ
857 1051 982 1141 σκύφον
1000 1048 1163 1140 εὐμεγέθη

19 1198 22 1206 ·
134 1153 210 1237 τινά
233 1154 371 1247 αἰτήσας
392 1150 541 1242 προύπιί
561 1178 617 1222 σοι
638 1159 685 1243 τῷ
709 1154 911 1242 διδασκάλῳ,
940 1151 1165 1243 ήότιδήποτε

135 1257 346 1353 προσειπών·
370 1254 410 1325 σὺ
430 1257 467 1323 δὲ
483 1251 646 1342 6666v,‘'
626 1283 680 1324 οτι
695 1261 755 1342 μέν
771 1262 807 1327 τί
823 1282 860 1325 σε
878 1259 934 1324 καὶ
951 1253 1051 1326 αύτὸν
1067 1255 1165 1326 ύπει-

135 1373 214 1429 πεῖν
236 1355 348 1429 ἔδοτ’
329 1359 491 1448 ηγνόηοας
516 1355 572 1427 ὑπ’
592 1354 708 1449 άπειρί
709 1385 762 1441 ος,
789 1354 891 1427 μαλ’
871 1384 985 1446 αγροικ
986 1364 1041 1439 ίας
1067 1360 1166 1442 δόξαν

137 1455 258 1552 ὦφλες.
299 1459 487 1550 δπίφθονος
508 1457 541 1531 6'
555 1453 612 1529 οὖν
638 1459 708 1530 άπὸ
733 1468 792 1549 τῆς
817 1461 1019 1551 προπόσεως
1044 1458 1166 1549 ἐκείνης
1184 1483 1216 1532 11

137 1567 276 1643 πολλοῖς
292 1570 359 1632 τῶν
376 1564 531 1631 παλαιῶν
548 1566 654 1651 φίλων
671 1568 841 1651 γεγένησαι
857 1564 1090 1653 καὶπρότερον
1109 1562 1166 1632 ἐπὶ

14 1678 17 1682 ’
136 1675 178 1758 τῇ
195 1658 383 1734 κατακλίσει
401 1665 568 1752 δλύπησάς
588 1691 680 1744 τινας
702 1664 822 1748 αὐτῶν,
850 1662 903 1735 ὅτι
923 1668 1064 1755 τήμερον
1080 1658 1167 1754 ήκων

137 1766 276 1895 προύκρ
268 1774 346 1856 ίθης
364 1765 491 1891 ἀνδρῶν
508 1770 652 1892 πολοετή
667 1768 778 1837 δουλεί
764 1773 817 1835 ίαν
828 1765 1042 1857 ἠντληκότων
1064 1765 1168 1849 εύθύς

76 1892 78 1899 ’
138 1862 197 1997 ρόν
222 1874 279 1938 καὶ
304 1870 456 1950 τοιοῦτός
477 1895 529 1949 τις
550 1867 583 1937 έν
605 1866 719 1950 αὐτοῖς
741 1873 820 1959 περὶ
846 1877 906 1938 σοῦ
911 1870 1040 1998 λόγος·
1068 1877 1167 1938 τοῦτο

137 1970 231 2063 ἡμῶν
249 1970 335 2058 πρὸς
350 1985 422 2052 τοῖς
440 1968 553 2052 άλλοις
570 1972 690 2053 δεινοῖς
708 1971 775 2040 ἕλεί
762 1979 867 2053 ίπετο,
886 1970 925 2040 τὸ
944 1976 1078 2041 καττῶν
1091 1967 1168 2059 δίρτι

140 2074 403 2165 εἰσεληλυθότων
421 2071 504 2153 ές
470 2102 528 2162 την
542 2074 647 2142 οἰκίαν
666 2064 836 2164 δευτέρους
854 2070 952 2145 εἶναι·
970 2075 1036 2157 καὶ,
1053 2073 1172 2159 μόνοις

138 2191 211 2258 τοῖς
221 2173 353 2265 Ἕλλησι
370 2177 501 2258 τούτοις
520 2173 715 2264 οἰνέιρκταιε
697 2205 717 2267 η
732 2174 896 2263 Ῥωμαίων
913 2176 1023 2259 πόλις.
1059 2182 1170 2244 καίτοι

140 2287 183 2365 τί,
194 2280 281 2349 ἐστιν
295 2274 378 2367 69³⁰
358 2305 424 2366 οτφ
441 2286 669 2365 προτιμῶνται
682 2277 792 2369 ήμῶνς
805 2275 847 2353 ,οῦ
862 2278 1008 2369 ῥημάτια
1026 2279 1169 2368 δύστηνα

141 2386 288 2469 λέγοντες
312 2381 438 2448 οἴονταί
454 2409 488 2449 τι
509 2388 724 2470 παμμέγεθες
747 2380 903 2472 ῶφελεῑν;
930 2376 1029 2462 άλλος
1051 2382 1101 2464 δὲ,
1130 2379 1169 2450 06

107 2520 110 2527 ·
141 2482 204 2575 γάρ
223 2474 309 2563 εἶδες
326 2478 390 2552 όσα
406 2484 465 2568 μὲν
483 2482 583 2565 ἔπιεν,
606 2480 702 2565 ὅπως
725 2482 819 2567 δὲτὰ
841 2489 1074 2572 παρατεθέντα
1092 2487 1171 2553 συλ

143 2585 253 2688 λαβὼν
282 2590 481 2706 κατέφαγεν;
518 2581 738 2675 ἀπειρόκαλος
768 2581 951 2674 ἅνθρωπος
980 2587 1036 2652 καί
1071 2587 1171 2671 λιμοῦ

143 2680 261 2770 πλέως,
282 2685 385 2755 066'''
365 2714 443 2777 οναρ
462 2692 577 2755 λευκοῦ
594 2710 678 2757 ποτε
696 2686 853 2778 άρτουδμ
854 2689 1027 2777 φορηθελς,
1047 2684 1171 2774 ούτιγε

142 2780 372 2875 Νομαδικοῦ”
351 2819 371 2879 η
393 2797 560 2861 Φασιανοῦ
579 2787 728 2879 όρνιθος,
754 2781 799 2858 ῶν
816 2788 967 2875 μόλις
930 2815 974 2857 τα
992 2786 1075 2857 όστά
1092 2786 1171 2883 ήμῖν

142 2898 369 2964 καταλέλοιπε.
404 2903 515 2985 τρίτος
532 2886 688 3020 άλλρς,ω
705 2896 852 2981 μάταιοι,
872 2896 964 2985 φησί,
984 2900 1082 2963 πέντε
1096 2891 1168 2965 οῦδ

143 2990 259 3067 6666‘
241 3002 369 3086 ημερῶν
384 2995 517 3085 όψεσθε
531 2996 629 3068 αὐτὸν
643 2997 789 3067 ἐνταῦθά
802 3023 869 3067 που
884 2995 949 3066 ἒν
928 2994 1057 3086 ημῑντδι
1071 2993 1172 3083 όμοια

142 3084 380 3198 ποτνιώμενον
398 3109 453 3169 νῦν
469 3099 581 3186 ρίέν
545 3128 606 3189 γαρ
626 3099 739 3228 ὥσπερ
757 3098 799 3168 τά
812 3099 907 3169 καινά
917 3107 985 3168 τῶν
997 3096 1154 3188 ύποδηᾘ
1119 3126 1174 3167 ια-

142 3225 209 3267 των
228 3199 260 3266 ἒν
276 3208 354 3290 τιμή
371 3227 435 3268 τινι
452 3206 508 3269 καὶ
526 3201 708 3293 ἐπιμελείᾳ
715 3203 810 3284 ἐστὶν,
831 3201 966 3272 ἐπειδάν
984 3204 1020 3270 δὲ
1033 3208 1179 3289 πατηθή

144 3302 305 3399 πολλάκις
318 3306 373 3370 καὶ
383 3328 442 3370 του
428 3306 565 3425 πηλοῦ
574 3301 822 3392 άναπλησθη,ι
803 3303 873 3372 υπὸ
885 3332 925 3393 τη
910 3306 991 3373 ’ίκλ
990 3330 1027 3391 νη
1042 3300 1127 3370 άθλί
1117 3328 1172 3380 ως

145 3388 319 3493 ἐρρίψεται
336 3404 457 3493 κόρεων
471 3401 584 3493 ῶσπερ
597 3401 692 3493 ἡμεῖς
705 3403 886 3485 ἀνάπλεως.
914 3404 1031 3475 ἐκεῖνον
1042 3394 1155 3488 μὲν
1116 3429 1181 3471 ουν

144 3512 284 3574 τοιαῦτα
302 3504 410 3577 πολλὰ
427 3509 506 3595 περὶ
524 3512 584 3574 σοῦ
603 3511 784 3597 στρέφουσι
796 3511 853 3575 καί
863 3532 930 3579 που
943 3504 1005 3594 ήδη
1018 3509 1074 3573 καὶ
1086 3502 1173 3596 πρὸς

146 3609 305 3732 διαβολάς
322 3635 406 3689 τινες
428 3606 536 3681 αὐτῶν
553 3609 867 3697 παρασκευάζονται.
901 3606 941 3679 τὸ
964 3604 995 3674 6
1012 3596 1068 3676 οόν
1090 3633 1173 3694 συμ-
1192 3629 1223 3679 18

146 3713 229 3797 πόσι
232 3737 267 3779 ον
286 3707 394 3797 όλον
380 3726 481 3781 εκεῖνο
499 3713 557 3780 σόν
575 3711 648 3782 ἔστι
663 3737 718 3779 και
707 3713 810 3799 περὶ
822 3728 884 3779 σου
868 3712 930 3779 οἱ
942 3715 1096 3780 πλεῖστοι
1106 3735 1173 3777 των

147 3813 319 3901 λόγων·
286 3840 327 3883 συ
345 3811 405 3882 6'‘
387 3840 435 3899 υπ
432 3811 597 3904 άηθείας
613 3816 714 3883 πλέον
731 3820 790 3882 τοῦ
810 3813 921 3885 ἱκανοῦ
938 3811 1117 3901 δμπιῶν”
1079 3835 1170 3881 οινου

147 3918 269 3985 λεπτοῦ
287 3920 342 3985 καὶ
361 3919 506 4007 δριμέος,
525 3917 632 3987 πάλαι
648 3923 711 4006 τής
722 3915 864 4006 γαστρὸς
881 3915 1089 4006 ἐπειγούσης,
1107 3940 1173 3985 πο-

148 4019 253 4111 νήρως
278 4019 373 4104 ἔχεις,
401 4025 457 4090 καί
484 4015 559 4091 οότε
583 4022 867 4110 προεξαναστῆναί
891 4045 947 4091 σοι
971 4017 1069 4091 καλὸν
1096 4014 1172 4089 ούτε
