2752 4632
259 229 324 297 246
456 262 461 268 ·
643 238 894 299 AOYKIA'NOY

257 360 371 433 χεῖρας
391 344 501 431 λαβὼν
522 346 579 413 καί
599 342 686 434 πρὸς
710 343 768 431 τὴν
793 343 919 431 γνάθον
944 348 1176 432 πεφυσημένην
1199 340 1285 417 ἀπο-

259 450 465 536 πειρώμενος
481 444 520 536 ἢν
536 444 582 535 μὴ
604 446 692 515 πάνυ
710 444 789 528 ἀξέα
809 446 892 534 μηδὲ
914 440 1044 535 ἀφυκτα
1065 447 1149 535 μηδὲ
1166 443 1285 534 ἀνιαρὰ

260 553 294 621 έν
311 564 383 631 τοῖς
404 551 570 637 τραύμασι
592 553 750 638 φαίνηται
772 553 892 634 βιαίως
914 554 1051 615 σπῶντα
1072 550 1127 616 καὶ
1150 544 1285 633 ἀμάχως

259 651 571 738 ἀντιλαμβανόμενα,
590 649 678 740 ἡμᾶς
694 652 753 736 μὲν
771 649 804 718 έν
821 663 892 730 τοῖς
910 650 1031 729 δειλοῖς
1048 653 1104 719 καί
1115 649 1173 719 διὰ
1186 659 1285 723 τοῦτο

259 763 418 824 πεινῶσιν
445 751 629 843 ἀνάγραφε,
661 751 799 820 σεαυτὸν
826 753 863 820 δέ
887 754 1120 841 παρακαλέσας
1144 759 1286 842 θαρρεῖν

260 857 417 943 ἐπιχείρει
434 863 475 947 τῇ
493 853 591 944 ἀγρφ,
610 855 642 923 ελ
659 859 780 935 θέλεις,
799 853 955 944 καθάπερ
975 852 993 922 ὃ
1011 854 1111 942 λάρος
1129 850 1206 925 δλον
1223 880 1285 924 πε-

225 958 398 1047 ιριχανῶν
420 957 458 1028 τὸ
483 960 608 1048 δέλεαρ.
645 958 831 1048 ῥηθήσεται
852 957 888 1025 δέ
910 953 928 1024 ὁ
952 962 1021 1035 πάς
1046 957 1143 1044 λόγος
1164 955 1202 1027 τὸ
1225 958 1285 1042 μίν

260 1058 336 1133 όλον
354 1062 436 1142 ἴσως
453 1058 510 1128 διὰ
529 1062 574 1142 σὲ,
594 1057 679 1148 πλὴν
698 1055 766 1126 ἀλλ’
778 1055 818 1127 οά
834 1083 871 1147 γε
888 1061 1047 1147 περὶτῶν
1061 1059 1286 1148 φιλοσοφούν-

257 1190 323 1233 των
341 1162 431 1249 όμῶν
448 1164 559 1249 μόνον,
578 1158 651 1229 οὐδ’
668 1158 792 1230 ὁπόσοι
809 1162 1072 1247 σπουδαιοτέραν
1088 1160 1146 1250 τὴν
1163 1166 1288 1250 προαία,

258 1292 348 1356 ρεσιν
373 1268 567 1354 προείλοντο
595 1263 628 1332 έν
653 1252 701 1352 τῶ
727 1269 805 1352 βίην,
837 1260 1002 1331 ἀλλὰκαὶ
1028 1265 1107 1352 περὶ
1132 1289 1285 1351 γραμμα-

163 1414 167 1429 ,
257 1375 378 1436 πιστῶν
394 1370 450 1434 καί
468 1367 615 1459 ῥητόρων
632 1370 688 1434 καὶ
703 1372 870 1451 μουσικῶν
886 1368 942 1434 καὶ
953 1360 1040 1445 όλως
1051 1372 1118 1433 τῶν
1131 1365 1191 1434 έπί
1203 1392 1286 1435 παι-

258 1472 331 1560 δείᾳ
354 1482 499 1537 συνεῖναι
520 1472 576 1536 καὶ
600 1475 827 1558 μισθοφορεῖν
854 1464 1063 1553 ἀξιουμένων.
1103 1474 1223 1537 κοινῶν
1251 1469 1286 1539 δέ

259 1570 304 1652 ῶς
323 1571 448 1640 ἐπίπαν
466 1569 569 1640 όντων
590 1574 646 1639 καί
668 1569 792 1657 ὁμοίων
809 1576 876 1639 τῶν
898 1571 1148 1656 συμβαινόντων.
1163 1566 1285 1655 άπασι,

258 1675 354 1760 δῆλον
372 1671 419 1753 ῶς
437 1671 495 1741 οάκ
513 1673 664 1762 ἐξαίρετα
680 1675 748 1758 μέν,
773 1673 891 1756 αίσχίω
914 1672 952 1741 δὲ
969 1670 1010 1739 τὰ
1029 1669 1118 1741 αὐτὰ
1137 1669 1220 1743 ὄντα
1235 1679 1287 1762 γί-

255 1801 366 1862 γνεται
390 1788 464 1856 τοῖς
490 1779 747 1865 φιλοσοφοῦσιν,
776 1774 806 1843 ιλ
830 1780 901 1841 τῶν
923 1770 1046 1858 ὁμοίων
1071 1787 1144 1854 τοῖς
1171 1771 1287 1856 ἀλλοις

257 1875 404 1960 ἀξιοῖντο
431 1880 486 1944 καὶ
512 1878 614 1965 μηδὲν
641 1875 760 1957 αὐτοὺς
792 1876 985 1964 σεμνότερον
1013 1875 1047 1944 οἱ
1074 1878 1285 1961 μισθοδόται

257 1975 376 2067 άγοιεν.
414 1975 434 2047 ό
455 2007 490 2047 τι
512 1977 542 2047 δ’
559 1976 598 2046 ἀν
622 1970 678 2048 οὖν
701 1976 719 2046 ό
742 1980 839 2068 λόγος
857 1974 956 2057 αάτὸς
978 1976 1082 2047 ἑπιῶν
1104 1978 1282 2067 ἐξευρίσκῃ,

175 2146 179 2159 ,
255 2084 373 2150 τούτου
387 2080 444 2171 τὴν
458 2082 566 2150 αἰτίαν
578 2083 724 2167 μάλιστα
736 2082 795 2167 μὲν
808 2080 841 2148 ol
853 2086 1027 2161 ποιοῦντες
1041 2077 1146 2163 αὐτοὶ,
1166 2081 1286 2153 ’έπειτα

257 2186 293 2253 δέ
311 2185 345 2252 ολ
361 2182 580 2269 ὑπομένοντες
603 2182 687 2252 αὐτὰ
710 2186 833 2252 δίκαιοι
855 2183 952 2267 ίχειν·
981 2181 1044 2270 ἐγώ
1069 2184 1104 2251 δέ
1123 2180 1281 2266 ἀναίτιος,

256 2285 352 2374 εἰμὴ
375 2283 536 2374 ἀληθείας
557 2289 612 2353 καί
633 2292 821 2375 παρρησίας
844 2284 1010 2370 ἐπιτίμιόν
1029 2292 1066 2354 τί
1088 2284 1169 2355 ἐστι.
1204 2285 1285 2365 τοὺς

253 2394 367 2473 μέντοι
384 2395 443 2456 τοῦ
462 2386 563 2455 ἀλλου
580 2389 749 2477 πλήθους,
777 2386 847 2456 οἷον
867 2388 1055 2475 γυμναστάς
1074 2414 1167 2468 τινας
1187 2385 1212 2478 ἢ
1230 2388 1285 2456 κό-

255 2492 369 2573 λακας,
398 2490 533 2571 ἰδιώτας
554 2494 610 2558 καὶ
634 2490 771 2579 μικροὺς
795 2489 855 2569 τὰς
876 2491 1008 2576 γνώμας
1028 2493 1084 2559 καί
1105 2488 1284 2569 ταπεινοὺς

255 2588 398 2661 οάτόθεν
416 2589 631 2679 ἀνθρώπους,
663 2589 738 2661 οότε
756 2590 957 2683 ἀποτρέπειν
979 2588 1072 2675 ἀξιον
1088 2599 1154 2661 τῶν
1170 2593 1283 2661 τοιοό-

254 2720 319 2762 των
342 2702 522 2763 συνουσιῶν
544 2730 586 2745 --
609 2692 685 2763 οὐδὲ
706 2694 768 2783 γάρ
791 2691 831 2763 ἀν
852 2702 1026 2763 πεισθεῖεν
1047 2734 1091 2747 -
1117 2690 1194 2764 οάτε
1221 2694 1284 2783 μέμ

255 2796 435 2864 αἰτιᾶσθαι
451 2800 559 2877 καλῶς
576 2796 642 2885 ἔχει
658 2795 703 2885 μὴ
723 2794 1008 2883 ἀπολειπομένους
1026 2804 1094 2867 τῶν
1114 2800 1284 2882 μισθοδο-

253 2904 328 2979 τῶν,
348 2899 378 2965 εἰ
395 2901 450 2965 καὶ
466 2899 554 2966 πάνυ
573 2899 681 2967 πολλοὶ
699 2896 882 2989 ὑβρίζοιντο
904 2896 960 2968 ἀπ’
977 2896 1087 2969 αὐτῶν
1103 2937 1147 2951 -
1165 2898 1285 2989 ἐπιτή-

255 3001 341 3066 δειοι
357 2997 419 3088 γάρ
437 3005 493 3068 καὶ
510 2999 567 3069 οόκ
585 2997 714 3083 ἀνάξιοι
732 3007 790 3088 τῆς
806 3002 961 3126 τοιαύτης
979 3003 1149 3124 διατριβάς
1163 3041 1209 3053 -
1227 3000 1283 3070 ἀλ·

252 3103 319 3180 λως
335 3127 371 3169 τε
389 3099 467 3171 οὐδὲ
484 3116 593 3186 σχοῖεν
609 3099 648 3169 ἀν
664 3130 698 3170 τι
716 3099 796 3170 ἀλλο
814 3101 900 3192 πρὸς
917 3100 937 3172 δ
953 3130 987 3172 τι
1006 3130 1070 3227 χρη
1083 3102 1283 3175 ἀποκλίναν·
1341 3170 1342 3183 ,

252 3229 313 3283 τας
330 3201 449 3284 αὐτοὺς
466 3210 621 3329 παρέχειν
639 3202 757 3285 αὖτοὺς
774 3204 935 3334 ἐνεργοὺς,
964 3202 1070 3273 ἀλλ”
1045 3234 1086 3295 ην
1103 3232 1155 3287 τις
1172 3204 1283 3277 αότῶυ

253 3302 360 3397 ἀφέλῃ
378 3313 485 3389 τοῦτο,
506 3303 633 3390 ἀτεχνοι
647 3303 764 3376 αάτίκα
776 3334 831 3374 και
820 3303 940 3397 ἀργοί
952 3311 1008 3376 καὶ
1015 3315 1204 3398 περιττοίε
1186 3310 1281 3377 eim

253 3399 403 3476 οὐδέν
365 3434 420 3477 ουν
439 3405 498 3477 οότ
495 3405 612 3478 ἀὐτοὶ
630 3407 735 3478 δεινὸν
752 3410 910 3493 πάσχοιεν
924 3406 964 3478 ἀν
977 3406 1035 3480 οάτ
1032 3407 1207 3480 ’ἐκεῖνοιζ
1188 3418 1283 3502 υβρι-
1338 3264 1341 3475 ί

252 3512 329 3578 σταί
347 3511 473 3579 δοκοῖεν
492 3510 578 3592 ές
541 3539 599 3601 την
617 3509 678 3598 ἀμί
665 3513 734 3594 ί,δα
754 3515 870 3635 φασίν,
893 3510 1113 3602 ἐνουροῦντες·
1141 3511 1261 3582 ἐπὶ
1218 3537 1281 3602 γαρ

251 3638 305 3680 τοι
321 3639 379 3701 την
396 3608 490 3701 ἀβριν
506 3614 627 3702 ταύτην
644 3611 716 3697 έξ’
696 3620 796 3703 αρχῆς
808 3621 1027 3739 παρέρχονται
1041 3612 1147 3696 έςτὰς
1161 3615 1279 3695 οἰκίας,

113 3700 122 3729 ”
251 3711 343 3783 καί
324 3742 344 3802 η
362 3719 454 3802 τέχνη
473 3721 584 3805 φέρειν
600 3718 656 3784 καί
673 3713 850 3801 ἀνέχεσθαι
866 3717 913 3786 τὰ
927 3717 1108 3806 γιγνόμενα
1139 3719 1228 3808 περὶ
1246 3717 1282 3784 δε

253 3807 299 3885 ῶν
320 3830 484 3907 προεῖπον
504 3825 571 3886 τῶν
591 3819 862 3905 πεπαιδευμένων
888 3816 980 3903 ἀξιον
1007 3815 1198 3908 ἀγανακτεῖν
1226 3819 1281 3887 καί

250 3917 482 4006 πειρᾶσθαι’
456 3946 504 4001 ως
518 3920 567 3990 ἔνι
582 3921 729 4007 μάλιστα
744 3922 896 4011 μετάγειν
914 3918 1037 4003 αότους
1050 3924 1104 3991 καὶ
1121 3922 1170 4007 είς
1188 3920 1281 3991 δλεο-
1327 3928 1333 3949 ’

216 4040 234 4092 ε
251 4026 368 4106 θερίαν
386 4019 618 4112 ἀφαιρεῖσθαι.
655 4025 742 4095 δοκῶ
760 4026 797 4092 δέ
812 4048 872 4113 μοι
888 4021 1036 4107 καλῶς
1013 4052 1053 4094 αν
1068 4031 1230 4115 ποιησαι,
1251 4021 1282 4092 εί
