2724 4634
234 211 278 276 66
618 221 873 283 ΔΟΥΚΙΑΝΟΥ

235 325 359 420 ἀστέρα
380 352 441 396 σου
464 331 650 417 φαίνεσθαι
665 327 798 417 ποιήσω
816 327 1002 408 κάλλιπον,
1028 327 1085 396 καί
1106 321 1193 410 όλως
1210 322 1266 398 εδ·

233 430 362 516 δαίμων
379 429 448 520 ἴση.

283 539 367 596 ΓΑΕ.
395 528 452 601 Ἦν
469 532 507 601 δὲ
522 531 654 616 παίζειν
666 530 877 622 ἐπιθυμήσω,
894 536 947 615 τίς
958 533 1182 620 συμπαίξεταί
1190 559 1266 622 μοις

232 631 269 705 ἀν
283 634 347 726 γάρ
362 641 404 726 τῇ
414 632 482 725 Ἴδη
499 636 620 705 πολλοὶ
636 630 811 724 ἡλικιῶται
826 624 917 724 ήμεν.

282 745 388 803 ΖΕΥΣ.
424 733 529 820 Ἓξεις
549 724 801 807 κάνταῦθαχτὸν
821 735 1088 823 συμπαιξόμενόν
1109 761 1166 807 σοι
1185 763 1267 808 τοο-

230 841 303 908 τονί
318 836 512 928 τδυἝρωτα
527 842 584 908 καὶ
601 836 827 932 ἀστραγάλους
838 834 933 925 μύλα
949 838 1104 921 πολλούς.
1139 840 1266 933 θάρρει

230 939 332 1028 μόνον
348 944 405 1009 καὶ
422 938 565 1033 φαιδρὸς
581 942 660 1011 ἰ’σθι
676 944 732 1010 καί
747 943 849 1031 μηδὲν
866 940 1033 1011 ἐπιπόθει
1047 947 1115 1010 τῶν
1130 942 1234 1011 κάτω.

196 1069 215 1118 4
282 1050 365 1107 rAN.
401 1050 441 1113 Τί
458 1045 494 1114 δὲ
511 1043 588 1130 ύμῖν
602 1045 762 1137 χρήσιμος
785 1040 825 1120 ἀν
841 1049 1009 1134 γενοίμηνς
1032 1041 1055 1134 ή
1071 1049 1265 1130 ποιμαίνειν

175 1194 178 1199 >
232 1145 344 1235 δεήσει
359 1141 549 1232 κάνταῦθας

281 1255 386 1312 ΖΕΥΣ
421 1246 497 1332 Ούκ,
516 1245 586 1317 ἀλλ’
600 1247 800 1338 οἰνοχοήσεις
815 1250 872 1318 καλ
888 1246 947 1318 ίπλ
961 1253 1023 1318 τοῦ
1039 1252 1193 1340 νέκταρος
1210 1274 1265 1319 τε·

229 1353 315 1441 τόξηι
329 1355 384 1419 καὶ
402 1349 583 1441 ἐπιμελήσῃ
601 1357 661 1421 τοῦ
679 1358 879 1437 συμποσίου.

281 1461 363 1519 PAN.
401 1461 504 1523 Τοῦτο
521 1455 580 1539 μὲν
598 1451 636 1522 οά
652 1453 811 1538 χαλεπόν·
837 1451 915 1524 οἶδα
930 1449 993 1546 γδιρ
1011 1447 1058 1535 ὦς
1071 1451 1133 1545 χρή
1151 1452 1265 1544 ἐγχέαι

228 1553 268 1624 τὸ
286 1556 443 1643 γόλακαὶ
461 1554 639 1625 ἀναδοῦναι
655 1554 694 1625 τὸ
712 1556 895 1642 κισσύβιον.

281 1665 384 1722 ΖΕΥΣ.
423 1655 521 1742 Ἰδοὺ,
552 1658 654 1727 πόλιν
680 1648 776 1740 οὗτος
800 1658 961 1748 γάλακτος
984 1659 1181 1748 μνημονεύει
1206 1662 1264 1729 καί

229 1756 427 1850 ἀνθρώποις
456 1761 715 1851 διακονήσεσθαι
742 1762 864 1830 σἰἐται·
896 1762 993 1830 ταυτὶ
1023 1757 1095 1831 δίδ
1121 1758 1265 1851 ούρανός

229 1859 313 1945 ἔστι,
331 1866 388 1932 καὶ
404 1869 553 1949 πίνομεν,
577 1860 691 1954 ὥσπερ
709 1862 805 1954 όφην,
827 1861 867 1934 τὸ
884 1869 1010 1953 νέκταρ.

279 1973 361 2028 ΓΑΝ.
397 1962 521 2050 Ἥδιον,
533 1957 574 2037 ,ὦ
587 1974 665 2049 Ζεῦ,
687 1973 747 2035 τοῦ
763 1966 939 2056 γόλακτοςς

278 2077 382 2132 ΖΕΥΣ.
420 2069 507 2159 Εἴσῃ
532 2066 602 2156 μετ’
622 2066 732 2158 ὀλίγον
757 2072 813 2140 καλ
837 2068 1036 2159 γευσάμενος
1061 2063 1170 2138 οάκότι
1195 2094 1264 2139 πο·
1347 2062 1348 2069 ¹

224 2146 348 2262 θήσεις
364 2169 402 2240 τὸ
420 2173 516 2259 γάλα.

278 2281 360 2337 ΓΑΝ.
399 2274 613 2363 Κοιμήσομαι
639 2274 676 2344 δὲ
700 2280 770 2344 πού
793 2280 854 2365 τῆς
877 2272 1008 2358 νυκτόςς
1041 2269 1064 2365 ή
1087 2271 1173 2362 μετδι
1198 2280 1260 2345 τοό

225 2373 573 2468 ήλικιώτοο’λΕρωτος,·

278 2487 381 2543 ΖΕΥΣ.
418 2477 495 2562 δόκ,
523 2477 608 2548 ἀλλὰ
633 2476 691 2548 διδι
714 2477 814 2576 τοῦτό
841 2503 879 2548 σε
900 2475 1091 2569 ἀνήρπασα,
1119 2476 1166 2561 ὥς
1187 2474 1260 2566 ἀμα

225 2583 458 2669 καθεύδοιμεν.
1345 2598 1346 2601 ’

277 2694 360 2749 ΓΑΝ.
402 2685 513 2766 Μόνος
532 2680 596 2775 γάρ
618 2680 678 2751 οάκ
699 2680 740 2752 ἀν
761 2684 890 2766 δύναω,
917 2678 988 2751 ἀλλ’
1004 2678 1100 2773 ήδιόν
1121 2707 1178 2754 σοι
1197 2709 1259 2753 κα-

224 2789 362 2857 θεύδειν
377 2785 446 2873 μετ’
464 2786 579 2871 ἀλλους

277 2898 381 2953 ΖΕΥΣ
415 2893 496 2973 Ναὶ,
515 2888 599 2977 μετά
615 2913 652 2977 γε
668 2888 822 2958 τοιούτου
840 2886 912 2969 οἶος
929 2885 961 2958 ελ
977 2885 1033 2973 σὺ,
1055 2887 1255 2980 Γανύμηδες,

225 2994 327 3077 [οὕτω
345 2995 468 3075 καλός].

191 3117 209 3169 5
276 3103 359 3158 ΓΑΝ.
396 3102 435 3164 Τί
450 3095 512 3184 γάρ
531 3119 570 3164 σε
585 3091 673 3184 πρὸς
688 3092 747 3187 τὸν
761 3088 866 3163 ύπνον
882 3090 994 3183 ἀνήσει
1009 3091 1049 3163 τδ
1066 3093 1203 3177 κύλλοςχ

276 3205 379 3261 ΖΕΥΣ
410 3194 498 3283 Ἔχει
513 3223 548 3266 τι
560 3200 742 3288 θέλγητρον
752 3193 814 3288 ήδδ
826 3198 883 3265 καί
894 3196 1125 3288 μαλακώτερον
1138 3194 1256 3284 ἀπάγει

225 3326 336 3370 αοτον.

224 3486 226 3491 Ι
275 3410 358 3467 ΓΑΝ.
391 3405 458 3472 Καὶ
473 3400 537 3491 μήν
555 3398 575 3470 ό
591 3426 629 3491 γε
645 3400 755 3492 πατὴρ
772 3398 896 3490 ήχθετό
913 3427 973 3488 μοι
994 3399 1273 3490 σογκαθεόδοντι’

223 3507 280 3574 καὶ
297 3506 440 3595 διηγεῖτο
460 3505 566 3574 ἕωθεν
584 3500 631 3586 ὥς
647 3501 785 3596 ἀφεῖλον
803 3499 905 3574 αύτοό
921 3503 978 3572 τὸν
995 3499 1098 3572 ύπυον
1110 3502 1256 3592 στρεφό-

223 3634 321 3696 μενος
345 3612 402 3677 καλ
426 3609 584 3691 λακτίζων
608 3613 666 3677 καί
688 3634 723 3677 τι
749 3606 976 3697 φθεγγόμενος
999 3602 1121 3691 μεταξὺ
1149 3601 1255 3674 δπότε

223 3712 438 3798 καθεύδοιμι·
465 3707 551 3780 ὥστε
567 3709 660 3800 παρὰ
676 3708 734 3799 τὴν
750 3714 874 3799 μητέρα
892 3707 1021 3793 ἔπεμπέ
1035 3731 1078 3794 με
1095 3707 1255 3794 κοιμησό-

223 3840 321 3902 μενον
345 3813 388 3883 τὰ
408 3813 528 3882 πολλά.
572 3808 644 3902 κόρα
666 3812 706 3901 δή
728 3836 797 3894 σοι,
828 3811 859 3878 ελ
881 3808 938 3877 διδι
957 3815 1070 3891 τοῦτο,
1102 3806 1149 3888 ὥς
1175 3806 1251 3898 φής,

225 3915 419 4005 ἀνήρπασάς
435 3918 489 4001 με,
517 3922 672 3983 καθεῖναι
693 3905 795 3994 αὗθις
807 3912 846 3994 χἐς
862 3910 920 4002 τήν
935 3917 1008 4000 γήν,
1034 3907 1056 4000 ή
1072 3910 1253 3998 πράγματα

226 4017 308 4101 ἕξεις
326 4014 512 4108 ἀγρυπνῶν·
531 4017 692 4108 ἐνοχλήσω
709 4017 771 4106 γάρ
790 4040 827 4086 σε
844 4020 985 4098 συνεχῶς
1003 4013 1236 4104 στρεφόμενος.
