2722 4646
141 285 182 333 VI
587 285 657 327 VITA
673 284 801 327 nucum.

138 398 217 456 δαῖος
231 401 257 460 a
266 419 300 453 το
312 396 489 471 γελασθῆναι,
499 396 684 465 Δημώνακτος
702 394 766 450 relii
778 411 896 466 regnum
910 395 1078 468 (161-180.)
1093 396 1190 454 eadat:
1210 401 1249 457 de

138 467 295 540 φιλοσόφον
318 464 377 521 κατ’
392 470 514 521 ἐκείνους
535 463 600 521 τούς
619 464 684 536 χρό-
722 480 759 517 uo
777 463 832 518 'am
843 464 987 520 Gerardus
997 465 1118 521 Vossius
1132 467 1246 523 inlibro
1267 517 1271 521 .

140 557 204 620 νοοε
221 541 287 605 βίον
304 533 469 656 ἀνοὶγςέολιΐέν,
487 537 519 586 ἐν
537 536 634 601 ἐκείνῳ
652 553 683 621 το
702 480 738 611 ge
756 600 762 612 υ
787 531 908 612 'storicis
929 533 1046 589 Graecis
1063 534 1155 605 11,15.
1167 544 1247 593 recte

138 602 382 728 &amiciciis
400 600 682 741 Afigusjgsswogts
698 600 890 724 Juglgizevrlrium
907 670 1024 725 nomina
1061 688 1115 726 uae
1137 670 1248 728 fuerint

138 740 275 795 momenti
293 745 360 794 sunt
377 754 451 811 quae
470 755 505 792 ex
522 738 612 809 ipsius
625 738 682 792 Lu·
700 688 1061 794 nescimusliostenuirelq

139 808 215 863 ciani
233 807 345 877 scriptis
364 807 462 877 colligi
474 811 608 876 possunt,
628 806 683 860 etsi
701 822 765 861 esse
774 804 837 928 ilpre
847 812 945 861 narrat
956 807 987 861 in
996 806 1078 862 initio
1087 806 1248 863 Ἐνοπνίοοι

139 883 223 931 caute
242 876 419 945 adhibenda,
439 892 526 945 quum
543 874 573 928 in
592 890 626 929 eo
648 874 680 927 li—
701 890 758 945 quo
791 878 885 928 actum
903 879 948 928 est
964 881 998 930 ut
1013 874 1103 929 filium
1120 875 1161 931 ita
1176 878 1248 931 edu·
1280 908 1287 915 ·

137 945 218 1000 bello
237 945 286 1016 qui
303 948 382 999 totus
398 943 429 997 in
441 943 503 997 vita
520 943 583 1024 ejus
601 958 682 1009 enar·¹
701 958 766 997 care
790 944 936 998 studerent
957 948 990 997 ut
1013 960 1098 1015 quam
1125 944 1247 1014 primum

137 1014 229 1069 randa
255 1018 397 1077 versatur,
428 1028 506 1066 nunc
530 1029 564 1065 1n,
587 1009 681 1067 fronte
701 1010 760 1064 suis
787 1011 849 1081 ipse
865 1011 1015 1083 ¹sumtibus
1043 1011 1131 1067 vitam
1158 1029 1176 1066 a
1197 1030 1246 1069 ere

139 1097 256 1153 operum
264 1080 377 1151 positus
392 1079 473 1152 (Περὶ
485 1083 536 1159 τοῦ
547 1083 681 1134 ἔνοπνίοο
700 1084 807 1149 posset
830 1078 893 1143 Quo
904 1079 1025 1133 consilio
1039 1080 1129 1151 pater,
1140 1031 1246 1135 aufiitis

137 1148 200 1217 ἦτοι
210 1156 273 1219 βίος
285 1148 469 1270 Λοοκιανοιῗ,
483 1148 604 1219 ahisque
614 1148 681 1202 scri·
700 1147 787 1202 etiam
804 1147 959 1202 amicorum
976 1148 1136 1215 sententiis,
1159 1165 1248 1220 quum

137 1219 195 1288 ptis
213 1233 282 1273 vera
298 1215 373 1271 ficfis
396 1232 430 1270 eo
452 1233 497 1270 em
514 1216 574 1271 fere
595 1217 680 1271 modo
700 1216 816 1271 levitem
833 1216 956 1272 haberet
973 1217 1155 1288 statuarium,
1179 1218 1248 1273 huic

137 1287 226 1353 rpixta
248 1284 305 1338 sint
331 1300 387 1355 quo
409 1283 541 1338 hodierni
587 1300 680 1355 noque
699 1283 799 1354 filium,
812 1290 880 1355 post
900 1302 966 1339 uam
980 1286 1119 1356 puerilem
1133 1286 1245 1340 institu-

137 1359 243 1423 poetae
262 1358 291 1408 et
308 1353 469 1408 literatores
486 1301 631 1406 intertium*
641 1353 681 1406 vi-
699 1352 806 1407 tionem
822 1302 1004 1422 absiivisset,
1019 1356 1057 1408 ad
1066 1360 1154 1408 artem
1164 1370 1246 1409 suam

137 1429 183 1476 tas
193 1439 260 1476 suas
270 1428 404 1476 enarrant
412 1421 520 1476 fabulis
530 1426 681 1477 exornatas
700 1420 879 1477 formandum
905 1422 1035 1490 tradidit,
1058 1438 1157 1476 uerum
1183 1438 1246 1477 suc·

47 1528 50 1535 ι
137 1492 177 1545 ad
194 1492 317 1544 lectores
336 1490 525 1544 oblectandos
541 1489 680 1560 composi·
701 1506 785 1543 cessu
812 1490 861 1562 qui
886 1490 1028 1545 voluntati
1055 1506 1123 1544 suae
1147 1496 1175 1544 et
1197 1507 1245 1544 ex·
1349 1498 1352 1503 '

137 1558 184 1630 tis.
206 1559 327 1612 Talibus
349 1557 439 1628 igitur
459 1559 546 1613 rebus
570 1558 681 1638 omissis
701 1576 714 1610 s
736 1558 873 1613 ectatimfi
911 1575 1013 1628 parum
1035 1559 1246 1639 responderet.

136 1626 682 1765 tttetutttt‘tattaltltltff
720 1644 778 1749 tlt
792 1643 1150 1775 ttutlltttltstl
1162 1632 1247 1765 35:25

137 1780 209 1817 mus.
310 1832 312 1835 ι
701 1780 794 1818 caras
820 1762 909 1819 fuisse
937 1763 1043 1833 scripta
1065 1780 1128 1835 eJus
1151 1770 1246 1817 osten-

172 1833 216 1885 Ac
233 1831 324 1900 primo
343 1831 458 1904 quidem
471 1836 551 1886 extra
568 1831 680 1886 dubita-
701 1833 785 1900 dunt,
802 1832 892 1887 multo
911 1833 1003 1900 magis
1037 1848 1102 1887 uam
1116 1833 1155 1885 ad
1167 1837 1245 1886 artes

136 1899 245 1955 tionem
258 1899 383 1971 positum
397 1905 443 1955 est
454 1899 614 1954 Lucianum
631 1917 680 1953 na·
700 1899 880 1955 mechanicas
888 1849 1076 1954 addiscenthas
1085 1898 1245 1969 inclinaret,

136 1974 198 2022 tum
216 1985 281 2024 esse
299 1967 470 2037 Samosatis,
489 1980 563 2090 {¹¹²⁰
583 1966 681 2037 Syriae
701 1968 834 2023 avunculi
849 1969 970 2034 domum,
980 1967 1122 2037 quumvis
1136 1966 1246 2038 ingres·

136 2036 207 2091 urbs
220 2036 278 2091 fuit
289 2037 319 2090 in
333 2037 481 2108 provincia
515 2052 682 2105 ommagena
702 2053 749 2090 sus
769 2042 859 2105 esset,
880 2039 949 2106 'post
966 2035 1058 2106 prima
1076 2052 1169 2091 novas
1189 2035 1246 2090 sibi

137 2105 176 2158 ad
189 2105 366 2175 Euphratem
381 2105 436 2159 sita
469 2120 553 2176 quam
567 2111 682 2174 praeter
700 2105 769 2159 artis
787 2103 943 2158 tentamina
964 2103 1079 2174 reliquit
1097 2109 1188 2158 totum
1208 2120 1245 2159 us

137 2173 212 2228 alios
223 2179 363 2228 memorat
376 2145 481 2240 Straho
490 2173 532 2225 14.
545 2189 573 2241 p.
583 2172 642 2226 664.
653 2178 683 2227 et
700 2173 806 2252 artium
815 2172 976 2252 liberalium
995 2171 1096 2226 studiis
1111 2189 1142 2227 se
1156 2121 1244 2242 dehis,

136 2242 181 2296 16.
205 2259 233 2311 p.
247 2240 307 2296 tta.
341 2242 422 2296 Idem
447 2241 593 2297 Lucienus
619 2242 681 2312 ipse
700 2241 874 2308 rhetorrcae,
889 2241 1092 2320 philosophiae
1110 2246 1141 2295 et
1156 2239 1245 2295 histo·

136 2314 259 2364 testatur
271 2309 364 2379 XXV,
379 2308 529 2365 24.⁴verbis
547 2306 598 2376 τὴν
615 2308 682 2377 ἐμὴν
700 2309 773 2378 riae,
795 2308 825 2362 in
848 2310 952 2378 quibus
975 2311 1068 2363 tribus
1091 2309 1246 2380 generibus

137 2376 259 2446 πατρίδα
268 2379 303 2432 τὰ
314 2379 464 2445 Σαμόσατα
477 2382 507 2433 et
518 2377 570 2432 ubi
581 2377 682 2448 Syrum
701 2377 807 2448 scripta
815 2376 878 2445 ejus
888 2376 982 2432 omnia
991 2384 1148 2432 versantur.
1168 2372 1245 2441 Quo-

137 2464 169 2502 se
180 2463 244 2502 esse
253 2447 363 2502 indicat
372 2446 590 2516 XLVH‚14.19.
601 2452 631 2500 st
639 2445 680 2499 25.
701 2462 763 2500 rum
786 2445 945 2500 studiorum
972 2446 1076 2517 quibus
1099 2444 1246 2516 magistris

139 2532 196 2586 quo
211 2515 278 2570 loco
291 2515 464 2589 λογογράφος
476 2516 568 2586 Σύρος
582 2515 681 2585 appel·
699 2531 768 2568 usus
779 2513 815 2567 sit
824 2530 911 2583 quum
924 2531 1018 2586 neque
1028 2514 1064 2568 ab
1074 2513 1137 2583 ipso
1152 2528 1245 2582 neque

136 2583 220 2638 laun.
246 2584 379 2638 Deanno
395 2588 545 2654 quonatus
560 2583 598 2639 sit
610 2582 683 2636 nihil
701 2583 737 2637 ab
753 2582 817 2638 aliis
835 2582 970 2637 traditum
985 2583 1034 2650 sit,
1052 2598 1112 2635 non
1130 2580 1246 2637 difficile

136 2667 257 2722 usquam
266 2653 402 2707 traditum
412 2658 467 2706 est:
487 2652 565 2732 quod
574 2656 622 2705 ἐπὶ
631 2656 680 2705 τοῦ
702 2651 816 2722 quidem
834 2656 881 2705 est
901 2650 1080 2722 perlustratis
1105 2650 1246 2703 clarorum

136 2726 275 2792 Καίσαρος
287 2724 423 2793 Τραϊανοῦ
440 2720 500 2793 (qur
514 2736 566 2796 per
580 2720 682 2789 viginti
701 2727 731 2775 et
749 2719 939 2790 sophistarum
962 2723 992 2772 et
1027 2717 1245 2786 hilosophorum

137 2805 242 2857 annos,
260 2789 393 2843 98-117.
411 2788 558 2858 imperium
576 2787 681 2860 tenuit)
701 2787 877 2855 nominibus,
906 2786 955 2856 qui
1011 2784 1122 2839 adriani
1148 2784 1245 2855 proxi-
1294 2832 1297 2837 .

136 2862 184 2910 καὶ
205 2860 333 2911 ἐπέκεινα
354 2879 385 2930 ys
404 2864 498 2911 ονέναι
527 2857 565 2911 ab
593 2855 682 2912 Suida
700 2871 867 2925 morumque
875 2853 1087 2923 imperatorum,
1097 2853 1245 2908 literarum

136 2924 268 2993 traditur,
282 2925 312 2980 id
322 2878 483 2981 suthalaam
497 2930 550 2993 est,
565 2929 615 2979 aut
628 2941 681 2995 pro
701 2924 802 2978 studiis
817 2940 832 2978 e
869 2921 933 2992 egis
947 2920 1118 2992 faventium,
1137 2926 1245 2992 tempo·

140 2998 278 3064 Τραϊανοῦ
298 2992 444 3066 Ἀδριανοῦ
473 2993 621 3062 seriptum,
649 2993 778 3047 utribus
812 2991 926 3061 purimi
965 2990 1095 3058 fuerunt,
1136 2989 1245 3060 eligere

136 3061 302 3117 Hadrianus
329 3062 359 3117 in
385 3060 621 3131 inscriptionibus
653 3065 682 3114 et
701 3077 773 3131 quos
794 3059 941 3114 Lucienus
964 3058 1107 3114 audiuisse
1130 3075 1164 3114 ac
1186 3074 1244 3112 ma·

136 3131 229 3184 numia
240 3129 276 3204 (v.
287 3129 584 3186 OlintomFastssom.
595 3128 681 3181 vohl.
700 3128 805 3250 {istros
823 3128 958 3182 habuisse
981 3127 1120 3197 potuerit:
1146 3143 1244 3181 verum

136 3216 165 3268 p.
175 3197 246 3271 104)
262 3200 362 3254 Caesar
380 3200 515 3269 Trajcaas
527 3198 682 3251 Hadrianus
719 3196 862 3265 ujusmodi
871 3194 1044 3266 conjecturis
1058 3212 1117 3251 non
1126 3196 1245 3250 multum

137 3268 307 3337 appellatur.
341 3267 415 3325 Nam
430 3283 503 3338 quae
516 3266 547 3319 in
560 3264 682 3318 Luciani
699 3264 861 3335 proficitur,
883 3265 1051 3333 praesertim
1072 3265 1102 3319 in
1122 3281 1156 3321 eo
1178 3264 1247 3319 scri-

139 3334 251 3404 seriptis
265 3336 443 3407 reperiuntur
460 3339 617 3402 temporum
631 3349 680 3385 no·
694 3338 781 3403 -ptore
792 3331 840 3402 qui
850 3333 939 3387 multo
953 3334 1018 3404 plus
1029 3333 1115 3388 studii
1128 3333 1158 3388 in
1168 3338 1245 3387 rete·

137 3407 185 3461 tae
200 3420 297 3459 omnes
311 3421 347 3459 co
364 3403 486 3458 tendunt
497 3407 531 3454 ut
542 3407 681 3469 regnante
699 3418 760 3456 rum
779 3401 967 3470 Graecorum,
991 3401 1119 3470 inprimis
1136 3400 1246 3455 Attico-

32 3516 38 3526 ,
137 3468 296 3539 Hadriano,
315 3472 397 3526 cu‘us
414 3484 533 3539 regnum
545 3469 576 3521 in
589 3485 680 3523 annos
699 3488 774 3540 rum,
798 3469 911 3550 scriptis
934 3470 1141 3540 pernoscendis
1160 3484 1246 3539 quam

139 3540 216 3595 cadit
233 3489 401 3605 tlt-lit,
423 3543 521 3617 natus,
542 3543 680 3618 regnante
699 3538 729 3592 in
751 3538 913 3611 aequahnm
936 3554 1052 3593 snorum
1074 3550 1179 3617 genere
1203 3534 1244 3589 di-

138 3624 206 3662 vero
225 3606 379 3663 commodo
393 3623 428 3660 ex
445 3610 505 3659 vrta
523 3621 680 3661 excusasse
700 3607 796 3675 cendi,
821 3607 899 3677 quod
922 3622 1009 3678 saepe
1027 3609 1131 3660 acriter
1146 3618 1244 3674 repre·

138 3676 277 3746 videatur,
290 3677 331 3729 ita
343 3679 375 3728 ut
388 3673 447 3729 vita
461 3673 523 3743 ejus
542 3674 625 3729 annis
643 3675 680 3729 ab
698 3676 799 3730 hendit
812 3690 847 3729 ao
864 3674 972 3745 derisit,
985 3673 1123 3736 imitando
1137 3671 1244 3742 posuit.

138 3749 260 3816 utraque
277 3747 359 3814 parte
378 3743 510 3797 extremis
527 3742 681 3797 trs-192.
699 3744 760 3800 Nec
777 3742 930 3799 verisimile
953 3748 997 3797 est
1017 3742 1067 3795 uni
1084 3740 1171 3794 alicui
1193 3744 1244 3795 aut

140 3811 352 3882 circumscripta
378 3810 416 3866 sit
437 3817 467 3867 et
489 3811 578 3866 virilis
600 3818 680 3867 aetas
701 3814 755 3868 soli
777 3820 827 3868 aut
870 3811 1027 3867 otissimnm
1050 3809 1188 3880 magistro
1211 3825 1243 3863 se

138 3881 377 3960 plurimorumque
413 3881 584 3952 scriptorum
618 3881 682 3935 e'us
699 3881 842 3937 addixisse
878 3876 1244 3959 ucianum,quipatriama·

139 3955 251 4020 tempus
281 3953 363 4002 artnn
393 3948 446 4004 sub
472 3948 610 4004 Antonini
661 3951 681 4005 ii
699 3955 762 4005 ture
774 3949 876 4004 relicta
893 3963 928 4003 ex
940 3947 1036 4017 longis
1054 3954 1243 4017 quae'suscs·

141 3965 307 4087 (lta-lii.)
325 4017 429 4086 partim
446 4019 500 4072 sub
517 4017 608 4073 Marci
623 4018 681 4073 Aa·
699 4019 742 4088 pit
755 4023 785 4074 et
798 4032 930 4087 magnam
943 4030 996 4086 per
1008 4013 1085 4069 vitae
1094 4028 1164 4070 suas
1177 4029 1243 4085 par·

1052 739 1246 795 amiliariusos
1338 768 1341 775 ·
