2722 4646
414 294 438 351 Ι.
458 264 684 351 ΕΝΥΠΝΙΟΝ
700 293 822 371 9-15„
1116 285 1136 352 ‘I

95 404 340 499 προσομιλῶν
332 412 404 482 τοῖς
418 395 576 489 ἀρίστοις.
617 396 698 488 δρᾷς
710 397 767 468 τὸν
776 355 993 491 Δημοσθένην
1006 400 1136 486 ἐκεῖνον,

95 517 189 589 τίνος
206 502 321 577 υλδν”
301 531 381 574 οντα
398 503 461 593 ἐγὼ
483 501 593 593 ἡλίκον
611 501 813 627 έποίησαᾘ
797 509 877 592 ορᾷς
897 502 955 572 τὸν
970 506 1138 595 Αἰσχίνην,

96 612 386 701 δςητυμπανιστρί
386 633 425 689 ας
437 598 542 686 υίὸς
522 633 577 696 ην,·
596 601 696 673 ἀλλ”
676 631 767 691 ομως
781 603 881 696 αάτδν
897 605 938 674 δι
950 605 1060 693 έμδΦί
1017 611 1139 678 Φίλιπ-

94 740 165 795 πος
177 711 426 802 ’ἐθεράπευσεν
462 706 481 778 δ
499 711 537 778 δέ
553 708 729 798 Σωκράτης
746 711 803 776 καί
824 706 923 789 αὐτὸς
940 706 1008 778 δπδ
1025 717 1066 800 τῇ
1085 710 1139 801 ἕρ·

93 819 291 909 μογλυφικῇ
300 814 403 904 ταύτῃ
412 815 551 903 τραφεὶς
559 810 675 901 ἐπειδὴ
684 812 824 895 τάχιστα
837 818 952 900 συνῆκε
963 819 1023 880 τοῦ
1031 821 1138 903 κρείτ-

93 944 198 999 τονος
220 919 278 985 καὶ
300 917 526 1007 δραπετεύσας
545 910 741 1003 παρ”αάτῆς
757 912 979 1004 ηὐτομόλησεν
1001 912 1048 995 ὥς
1070 914 1109 1003 έμ
1111 918 1136 1000 δ,

96 1020 236 1102 ἀκούεις
254 1015 301 1101 ὥς
317 1018 412 1110 παρὰ
432 1018 566 1087 πάντων
584 1015 710 1109 ᾅδεται.
746 1014 845 1107 ἀφεὶς
867 1016 959 1086 δέ
925 1043 964 1086 συ
982 1018 1060 1098 τοὺς
1080 1045 1138 1108 τη-
1156 1043 1188 1091 ιε
1257 1045 1261 1053 ·

95 1124 277 1203 λικούτους
293 1125 349 1189 καὶ
364 1121 537 1202 τοιούτους
554 1116 676 1210 ἀνδρας
691 1124 747 1188 καί
759 1122 898 1211 πράξεις
907 1119 1066 1250 λαμπρὰς
1082 1125 1139 1189 καί

95 1230 232 1318 λόγους
241 1223 380 1312 σεμνούς
395 1226 451 1292 καὶ
469 1230 577 1313 σχῆμα
595 1222 759 1313 εὐπρεπές
775 1225 831 1292 καὶ
848 1249 944 1350 τιμην
960 1227 1017 1292 καὶ
1038 1225 1138 1306 δόξαν

96 1330 195 1400 καὶ”
175 1355 315 1399 επαινον
331 1354 388 1396 και
377 1329 544 1417 προεδρί
544 1352 583 1408 ας
603 1352 660 1394 και
648 1320 814 1413 δύναμιν
830 1324 923 1395 καί
904 1326 1006 1417 αρχάς
1022 1330 1078 1395 καὶ
1087 1325 1137 1395 τδ

98 1433 160 1504 ἐπὶ
172 1433 289 1520 λόγοις
302 1428 484 1516 εὐδοκιμεῖν
496 1433 552 1497 καὶ
564 1448 603 1498 το
589 1428 677 1497 έπί
690 1435 818 1499 συνέσει
835 1427 1006 1514 εάδαιμονί
1007 1431 1156 1512 ζεσθαι,

16 1566 17 1571 ’
96 1536 257 1623 χιτώνιόν
273 1561 309 1602 τι
319 1530 464 1622 ,πιναρὸν
483 1532 598 1622 ἐνδύσῃ
615 1535 671 1600 καὶ
689 1539 797 1621 σχῆμα
815 1533 1041 1621 δουλοπρεπές
1059 1529 1139 1600 ἀνυ-

98 1639 194 1728 λήψη
213 1638 269 1705 καὶ
285 1638 406 1723 μοχλία
423 1639 478 1702 καὶ
494 1640 635 1723 γλυφεῖα
652 1639 708 1703 καὶ
724 1640 849 1715 κοπέας
861 1638 916 1702 καὶ
928 1639 1137 1725 κολαπτῆρας
1177 1668 1181 1675 ·

98 1740 134 1810 έν
150 1752 226 1809 τοῖν
242 1751 352 1824 χεροῖν
376 1738 459 1820 ἕξεις
479 1740 568 1805 κάτω
590 1735 745 1818 νενευκὼς
766 1736 802 1817 ές
821 1735 860 1805 τό
883 1737 999 1825 ἕργον,·
1016 1762 1138 1822 χαμαι-

98 1843 207 1931 πετὴς
223 1843 280 1909 καὶ
295 1841 496 1930 χαμαίζηλος
512 1844 568 1907 καί
585 1840 696 1930 πάντα
713 1840 839 1930 τρόπον
860 1838 1030 1921 ταπεινὸς,
1059 1838 1139 1907 ἀνα-

102 1945 237 2013 κύπτων
251 1943 288 2011 δὲ
301 1940 461 2012 οὐδέποτε
475 1940 552 2010 οὐδὲ
569 1941 733 2031 ἀνδρῶδες
750 1940 827 2010 οάδὲ
841 1941 1030 2032 ἐλευθέριον
1045 1941 1138 2012 οὐδὲν

105 2046 262 2128 ἀπινοῶν,
296 2042 380 2112 ἀλλὰ
400 2044 443 2114 τά
464 2047 524 2130 μὲν
546 2044 624 2133 ἐ’ργα
646 2040 740 2124 ὅπως
761 2042 914 2130 εύρυθμα
940 2048 996 2113 καὶ
1022 2043 1138 2134 εάσχή-

101 2175 188 2236 μονα
211 2147 306 2216 ἐ’σται
328 2173 384 2216 σοι
404 2155 570 2238 προνοῶν,
599 2143 693 2228 ὅπως
715 2149 751 2215 δὲ
773 2144 872 2226 αὐτὸς
894 2144 1062 2236 εύρυδμος
1083 2148 1138 2214 καὶ

102 2253 242 2338 κόσμιος
256 2249 324 2340 ἴση,
343 2245 461 2339 ἥκιστα
473 2248 715 2340 πεφροντικὼς,
735 2248 804 2318 ἀλλ’
822 2247 1016 2339 ἀτιμότερον
1028 2258 1137 2318 ποιιῦν

103 2351 244 2424 σεαυτὸν
257 2349 394 2422 λέθιον.”
422 2360 527 2421 ταῦτα
540 2353 589 2420 ἐ’τι
602 2354 758 2441 λεγούσης
772 2351 878 2442 αὐτῆς
890 2352 927 2423 ού
946 2360 1138 2443 περιμείνας
1157 2378 1189 2425 14

104 2453 171 2545 έγὼ
192 2452 342 2536 τὸτέλος
362 2461 429 2524 τῶν
450 2456 556 2543 λόγων
578 2452 722 2536 ἀναστὰς
740 2453 975 2553 ἀπεφηνάμην,
1004 2460 1059 2524 καὶ
1080 2456 1139 2546 τὴν

104 2557 259 2648 ἀμορφον
273 2556 394 2646 ἐκείνην
407 2560 463 2625 καὶ
477 2555 644 2646 ἐργατικὴν
658 2555 836 2625 ἀπολιπὼν
848 2565 1040 2644 μετέβαινον
1052 2558 1139 2646 πρὸς
1205 2558 1207 2562 -
1225 2632 1227 2635 ¹
1305 2552 1309 2571 .

103 2661 162 2752 τὴν
178 2662 339 2730 Παιδείαν
363 2660 455 2745 μάλα
480 2657 644 2748 γεγηθὼς,
670 2663 727 2726 καί
752 2660 897 2755 μάλιστα
924 2659 999 2729 έπεί
1023 2686 1084 2746 μοι
1099 2661 1139 2755 ές

15 2786 16 2815 ³
104 2770 180 2834 νοῦν
197 2755 301 2852 ἦλθεν
321 2758 342 2850 ἦ
361 2762 504 2851 σκυτάλη
521 2764 577 2828 καὶ
594 2756 648 2829 ότι
669 2760 797 2849 πληγὰς
819 2758 878 2828 ούκ
900 2759 1013 2849 ὀλίγας
1034 2760 1137 2844 εὐθὺς

105 2863 274 2956 ἀρχομένῳ
296 2891 356 2952 μοι
375 2866 459 2950 χθὲς
480 2864 687 2953 ένετρίψατο.
722 2861 741 2953 ἡ
765 2865 802 2931 δέ
824 2861 1076 2955 ἀπολειφθεῖσα
1096 2864 1136 2933 τὸ
1189 2917 1193 2923 -

105 2970 164 3058 μὲν
181 2975 316 3055 πρῶτον
332 2965 506 3056 ἠγανάκτει
526 2969 583 3034 καί
602 2965 650 3036 τὼ
670 2960 760 3053 χεῖρε
782 2968 976 3056 συνεκρότει
988 2972 1043 3036 καὶ
1060 2968 1139 3050 τοὺς

106 3070 246 3153 ὀδόντας
267 3070 378 3159 ἕπριε·
411 3073 505 3150 τέλος
527 3070 576 3152 δέ,
605 3064 718 3157 ὥσπερ
739 3067 798 3158 τὴν
818 3072 945 3158 Νιόβην
968 3068 1137 3157 ἀκούομεν,

15 3224 16 3249 1
107 3172 268 3261 ἐπεπήγει
291 3176 348 3241 καὶ
376 3171 410 3254 ές
435 3175 534 3241 λίθον
563 3175 804 3261 μετεβέβλητο.
834 3173 865 3240 εἰ
896 3175 932 3241 δὲ
961 3176 1139 3263 παράδοξα
1202 3182 1230 3218 -’
1311 3197 1345 3243 ’τ

15 3266 16 3327 Ῐ
108 3276 234 3358 ἔπαθε,
260 3274 306 3364 μὴ
329 3272 549 3366 ἀπιστήσητε·
584 3277 839 3360 θαυματοποιοὶ
864 3274 926 3365 γάρ
950 3277 983 3344 οἱ
1005 3275 1136 3366 ἀνειροι.

108 3374 239 3466 ἡ’ἕτέρα
253 3379 290 3446 δέ
302 3378 389 3469 πρός
400 3403 442 3464 με
456 3374 635 3459 ἀπιδοῦσα,
650 3372 848 3472 “τοιγαροῦν
861 3374 1002 3466 ἀμείψει
1003 3386 1051 3445 ιαί
1068 3400 1115 3458 σε,
1114 3376 1135 3403 ²³
1156 3403 1189 3452 15

16 3508 17 3511 ¹
104 3476 197 3569 έφηῇ
198 3477 365 3569 ετῆσδε
324 3506 383 3571 της
396 3475 645 3604 δικαιοσύνης,σ
624 3505 678 3547 οτι
690 3477 908 3568 καλώςτηνδί
907 3508 964 3569 κην
974 3479 1025 3548 έδί
1012 3488 1186 3562 ίκασας,

106 3585 162 3650 καί
175 3572 255 3650 &m
239 3577 408 3672 ὲηδη,έπ
381 3586 507 3670 βηθι
518 3607 637 3651 τουτου
650 3587 716 3649 τοῦ
729 3579 926 3671 όχήματος,”
941 3620 983 3632 -
1003 3582 1053 3650 δεί
1040 3584 1138 3663 ίξασά

107 3712 143 3783 τι
155 3681 267 3811 η’χημα
284 3682 483 3774 δποπτέριον
500 3684 616 3753 ἵππων
636 3690 734 3752 τινῶν
750 3691 798 3773 τῷ
815 3685 959 3772 Πηγάσῳ
983 3683 1137 3755 ἐοικότων

106 3820 151 3840 --
155 3783 274 3868 “δ’πως
288 3788 377 3878 εἰδῇς
390 3784 447 3855 οἶα
458 3788 579 3853 καίί
524 3783 579 3875 ηλί
578 3812 619 3853 κα
634 3813 679 3875 μη
665 3785 992 3874 ἀκολουθήσαςέμο
995 3782 1139 3883 ὶάγνοή-

108 3914 176 3959 σειν
185 3887 345 3975 εμελλες.
370 3888 444 3958 ἐπεὶ
454 3889 490 3957 δέ
499 3885 752 3978 ανηλθον,ημέν
761 3885 878 3978 ηλαυνε
887 3886 974 3957 καὶ
954 3891 1135 3980 υφηνιοχει

110 3989 228 4080 ἀρθεὶς
242 3992 279 4062 δὲ
295 3991 344 4073 εἷς
359 3988 450 4081 ύψος
466 3988 529 4080 έγιδ
548 3990 755 4060 ἀπεσκόπουν
768 3988 838 4060 ἀπὸ
855 4018 914 4082 της
931 3992 975 4062 έιο
994 3990 1137 4083 ἀρξάμε-
1189 4013 1192 4019 ’

109 4118 163 4174 νος
176 4089 253 4185 ἀχρτ
264 4093 351 4185 πρὸς
362 4094 405 4164 τὰ
418 4093 558 4188 έσπέρια
570 4094 686 4178 πόλεις
699 4095 753 4164 καὶ
763 4093 843 4185 έθνη
857 4098 913 4170 καὶ
926 4097 1058 4186 δήμους,
1077 4121 1137 4162 κα-
