2752 4632
416 245 497 306 xvz
521 246 785 306 Κινιυιοκε
805 249 893 306 ι-ο,
1111 230 1177 308 23³1
1294 279 1297 282 ψ

138 340 265 442 σαμίνη
283 351 322 421 τὸ
339 355 470 440 βιβλίον
485 355 542 421 καί
558 351 652 442 παρά
668 351 727 442 τὴν
744 351 947 443 ἀποβάθραν
958 359 1177 450 καθεζομένη,

141 455 190 539 ὦς
211 456 307 538 έθος,
335 454 548 542 ἐπιβαίνοντα
571 456 707 525 ἕκαστον
729 454 837 526 αῦτῶν
859 459 1098 546 διαγνώσομαι,
1124 472 1179 543 τίς
1216 452 1220 459 ’
1292 484 1293 489 ’

138 561 198 628 καί
214 558 326 627 πάθεν
343 560 400 626 καὶ
417 555 528 628 ὅντινα
544 557 691 640 τεθνεὼς
706 556 765 627 τὸν
781 560 922 651 τρόπον·
949 560 989 629 σὺ
1007 563 1045 629 δέ
1066 588 1179 656 παρα·
1203 640 1208 653 q

140 661 318 748 λαμβάνων
344 661 498 748 στοίβαζε
523 664 579 730 καί
605 667 771 733 συντίθει·
806 662 847 731 σὺ
870 664 920 745 δέ,
949 654 1102 754 ὦἙρμῆ,
1133 667 1177 737 τὺι

140 763 256 852 νεογνὰ
281 766 377 832 ταυτί
403 770 522 854 πρῶτα
548 762 708 851 ἐμβαλοῦ·
741 770 778 834 τί
799 763 862 855 γάρ
891 762 931 834 άν
955 770 1012 836 καί
1038 765 1178 860 άποκρί-

137 866 253 937 ναιντό
270 890 348 952 μοις

192 982 279 1042 Em
311 966 395 1038 'Idov'
409 993 477 1051 σοι,
498 959 526 1037 ὦ
542 975 713 1058 πορθμεῦ,
732 968 791 1039 τὺν
808 967 955 1060 άριθμὺν
974 963 1067 1041 οὗτοι
1084 1000 1177 1062 τρια-

139 1073 252 1142 κόσιοι
268 1070 435 1157 μετὰτῶν
454 1071 697 1157 ἐκτεθειμένων.

193 1190 279 1247 XAP.
322 1178 433 1263 Βαβαλ
457 1180 516 1264 τῆς
542 1172 705 1267 εὐαγρίας.
750 1173 918 1267 ὀμφακίας
942 1174 1020 1268 ἦμῑν
1044 1178 1176 1269 νεκροὺς

136 1273 230 1369 ἥκεις
248 1275 346 1366 άγανν.

192 1394 278 1453 ΕΡΜ.
313 1380 448 1462 Βούλει,
476 1371 674 1464 ὦΚλωθοῖ,
701 1379 783 1463 τοὺς
801 1379 1003 1465 άκλαάστους
1026 1382 1084 1454 ἐπὶ
1099 1385 1177 1453 τού-

140 1508 214 1564 τοις
231 1483 513 1569 έμβιβασιάμεθας

192 1601 303 1656 ΚΔΩΘ.
341 1583 424 1664 Τοὺς
440 1589 593 1674 γέροντας
610 1588 730 1673 λέγεις,·
757 1583 843 1655 οὕτω
860 1595 969 1657 ποίει·
994 1594 1030 1656 τί
1049 1590 1111 1679 γάρ
1133 1615 1176 1675 με

137 1689 194 1756 δεῖ
213 1688 394 1779 πράγματα
415 1687 498 1772 λ’χειν
519 1686 562 1755 τὰ
583 1685 651 1777 πρὸ
669 1686 847 1758 Εὐκλείδου
869 1697 925 1759 νῦν
943 1690 1175 1777 έξετάζουσανς

138 1791 176 1859 σί
192 1788 277 1880 ὑπὲρ
296 1788 451 1879 ἑξήκοντα
467 1786 562 1876 ὺμείς
578 1791 700 1878 πάριτε
717 1789 790 1880 ἤδη.
826 1797 859 1859 τί
875 1800 989 1871 ναῦται
1016 1793 1073 1861 οὐκ
1091 1793 1175 1863 ἐπα-

136 1894 277 1962 κούουσί
296 1917 361 1978 μου
383 1897 579 1980 βεβυσμένοι
599 1890 642 1960 τὰ
665 1884 734 1961 ὦτα
756 1891 825 1962 ῦπὺ
847 1900 914 1962 τῶν
936 1893 1027 1963 ἐτῶν.
1064 1898 1175 1985 δεήσει

137 1997 225 2080 τάχα
241 1998 298 2063 καί
314 1996 452 2077 τούτους
470 1994 631 2084 ἀράμενον
649 2009 863 2085 παραγαγεῖν.

191 2113 278 2170 ΕΡΜ.
313 2094 396 2167 Ἰδοὺ
414 2099 516 2167 πάλιν
530 2090 624 2168 οὗτοι
638 2099 729 2169 δυοῖν
743 2100 871 2179 δέοντες
882 2098 1097 2187 τετρακόσιοι,
1117 2127 1177 2169 τα-

139 2203 230 2291 κεραί
247 2200 370 2281 πάντες
385 2203 443 2269 καί
458 2206 617 2291 πέπειροι
633 2206 689 2270 καί
706 2199 782 2270 καθ’
799 2196 888 2288 ιῖίραν
904 2208 1144 2292 τετρυγημένοι.

191 2318 277 2375 XAP.
311 2300 364 2392 Νὴ
382 2301 449 2386 Δί’,
473 2303 548 2373 έπεί
565 2302 748 2394 άσταφίδες
764 2330 801 2393 γε
818 2304 946 2387 πάντες,
957 2302 1018 2395 ἤδη
1038 2306 1112 2374 εἰσί.

136 2414 140 2419 ’
192 2421 306 2477 me.
343 2403 426 2487 Τοὺς
441 2412 645 2495 τραυματίας
663 2405 721 2474 έπί
737 2407 882 2489 τούτοις,
903 2399 1044 2497 ὦἙρμῆ,
1064 2408 1209 2498 παρά-6

138 2528 232 2598 γαγε·
258 2511 315 2577 καὶ
335 2515 467 2598 πρῶτοί
486 2535 546 2594 μοι
564 2510 681 2577 ε’ίπατε
704 2504 797 2589 ὅπως
816 2508 1046 2590 ἀποθανόντες
1067 2507 1175 2600 ἥκετε·

138 2608 263 2698 μάλλον
283 2612 319 2679 δὲ
337 2607 418 2700 αὺτὴ
436 2610 523 2699 πρὸς
539 2610 581 2679 τά
598 2616 803 2702 γεγραμμένα
825 2608 911 2698 ὺμάς
934 2611 1172 2699 ἐπισκέψομαι.

137 2715 364 2799 πολεμοῦντας
381 2712 569 2783 ἀποθανεῖν
586 2714 654 2782 ἔδει
668 2714 753 2797 χθὲς
770 2712 924 2803 ένΜυσίγ
940 2719 1098 2804 τέτταρας
1116 2715 1175 2783 έπὶ

137 2811 1172 2907 τοῖςδγδοήκοντακαίτὺνὈξυάρτουυίὺνμετάὺτῦνῖιυβάρην.

65 2991 69 2995 ,
179 2932 276 2990 ΈΡΜ.
311 2920 463 3008 Πάρεισι.
1097 3002 1101 3009 ¹

191 3036 302 3092 ΚΛΩΘ.
337 3020 389 3091 Δι’
405 3022 512 3112 έραιτα
530 3019 649 3102 αὖτοὺς
667 3018 865 3111 άπέσῳαξαν
883 3019 982 3103 ἑπτά,
1003 3025 1059 3090 καί
1077 3019 1095 3090 δ
1115 3047 1175 3113 φι-

138 3123 288 3214 λόσοφος
307 3130 463 3212 θεαγένης
481 3123 538 3192 διὰ
554 3124 611 3214 τὴν
630 3124 761 3215 ἑταίραν
778 3122 836 3213 τὴν
853 3125 1060 3214 Μεγαρόθεν.

190 3242 278 3299 Em
315 3223 426 3296 Οὗτοιὶ
443 3230 594 3313 πλησίον.

142 3346 147 3353 ’
192 3344 304 3401 ΚΛΩΘ.
349 3335 421 3398 Ποῦ
447 3326 479 3396 δ’
504 3330 537 3396 ol
563 3330 641 3415 περὶ
665 3333 724 3416 τῆς
748 3331 920 3414 βασιλείας
943 3325 1001 3395 ὕπ’
1026 3325 1174 3416 άλλήλιον

63 3514 74 3521 ‚
137 3427 390 3515 άπσθανόντεςς

191 3550 278 3608 ΕΡΜ
312 3539 531 3621 Παρεστᾶσιν.

191 3652 303 3709 me.
325 3632 355 3705 ‘0
369 3632 401 3703 δ’
411 3632 478 3703 ῦπὺ
488 3640 546 3703 τοῦ
555 3640 673 3719 μοιχοῦ
681 3635 804 3724 καὶτῆς
815 3631 966 3722 γυναικὸς
980 3640 1175 3723 φονευθείς,·

153 3758 157 3783 ³
191 3755 279 3812 EPM.
310 3736 394 3808 Ἰδοά
413 3763 468 3806 σοι
485 3740 636 3826 πλησίον.
884 3732 886 3739 ’

192 3859 304 3917 ΚΔΩΘ.
342 3840 424 3923 Τοὺς
442 3840 477 3910 ἐκ
494 3842 711 3930 δικαστηρίων
730 3840 812 3929 δῆτα
829 3839 1015 3928 παράγαγε,
1035 3842 1118 3926 λέγω
1138 3838 1175 3909 δὺ
1200 3928 1209 3939 .

135 3945 219 4028 τοὺς
237 3946 272 4014 ἐκ
288 3947 460 4034 τυμπάνου
478 3941 625 4024 καὶτοὺς
639 3941 985 4028 ἀνεσκολοπισμένους.
1017 3942 1050 4010 οί
1064 3939 1095 4010 δ’
1107 3936 1175 4012 ὺπδ

139 4049 270 4140 λῃστῶν
288 4046 516 4131 άποθανάντες
534 4046 702 4116 ἑκκαίδεκα
720 4054 787 4116 ποῦ
806 4046 902 4131 εἰσιν,
923 4038 1080 4137 ὦἙρμῆς
