2752 4632
213 221 320 351 νου,
469 234 504 285 ·'
601 254 857 313 Λοκκεκκοε
989 235 993 239 ’

161 388 201 448 το
265 380 369 437 ΖΕΥΣ.
401 359 509 435 Ῑλλλον
526 361 632 444 κάλει,
660 361 717 431 τὸν
739 362 772 431 ἓν
787 367 856 453 χρῷ
873 365 1006 452 κουρίαν
1020 350 1162 447 ἀστείων,
1189 360 1248 435 τόν

216 465 433 555 σκυθρωπὸν,
452 464 509 534 τδν
525 463 596 534 ἀπὸ
615 472 674 555 τῆς
691 472 802 547 στοᾶς.

266 587 352 643 ΕΡΜ.
385 560 436 638 Εό
454 571 573 657 λέγεις·
600 568 727 638 ἐοίκασι
742 575 821 659 γοῦν
838 567 926 638 πολύ
943 594 977 637 τι
997 569 1132 658 πλῆθος
1149 565 1250 638 σότῶ

212 676 403 764 περιμέύειν
420 678 486 740 τῶν
504 670 562 739 ἐπὶ
578 670 636 761 τὴν
654 669 776 761 ἀγοράν
795 667 1037 760 ἀπηντηκότων.
1072 666 1174 760 αάτόμ
1188 669 1249 761 τὴν

215 773 333 866 ἀρετὴν
359 777 478 857 πωλῶ,
514 780 580 842 τῶν
608 781 691 862 βίων
715 773 773 843 τὸν
802 774 1017 844 τελειότατον.
1060 777 1112 856 τίς
1137 773 1251 842 πάντα

214 880 317 966 μόνος
335 877 456 946 εἰδέναι
474 875 585 945 ἐθέλει
590 906 603 962 ,·

268 996 326 1051 NN.
361 982 440 1060 Πῶς
456 984 555 1049 τοῦτο
574 982 656 1070 φῄςς

266 1099 354 1156 ΕΡΜ.
381 1078 449 1153 Ὁτι
465 1085 566 1168 μόνος
584 1075 680 1163 οὗτος
694 1081 813 1173 σοφός,
831 1082 933 1169 μόνος
949 1079 1062 1164 καλὸς,
1079 1080 1181 1168 μόνος
1196 1082 1251 1150 δέ·

214 1177 310 1267 καιος
332 1182 482 1275 ἀνδρεῖος
501 1185 656 1272 βασιλεὺς
677 1186 784 1275 ῥητωρ
806 1186 967 1267 πλούσιος
986 1189 1172 1275 νομοθέτης
1192 1185 1250 1252 καί

216 1286 320 1357 τᾶλλα
339 1286 450 1357 ὁπόσα
469 1288 567 1357 έοτίν.

268 1407 326 1462 ῼΝ.
363 1388 497 1473 θόκοῦν,
521 1382 649 1479 ἀγαθέ,
673 1395 729 1460 καὶ
744 1392 901 1517 μάγειρος
916 1391 1031 1477 μόνος,
1052 1387 1159 1459 καὶ
1125 1414 1164 1480 νη
1182 1392 1252 1458 Δία

216 1519 254 1583 γε
272 1496 478 1583 σκυτοδέψης
494 1520 550 1561 και
538 1497 685 1564 τέκτων
701 1493 810 1563 καὶ
774 1521 816 1562 τα
832 1501 987 1579 τοιαύτας

269 1612 356 1668 ΕΡΜ.
384 1593 518 1666 Ἔοικεν.
834 1622 840 1627 ’

164 1719 198 1770 τι
269 1714 327 1769 ῼΝ
361 1695 477 1781 Ἕλθλ,
505 1690 633 1789 ὦγαθὲ,
664 1699 721 1768 καλ
745 1700 817 1787 λέγε
843 1698 929 1801 πρὸς
957 1696 1015 1769 τδν
1041 1695 1165 1790 ἀνητην
1192 1699 1251 1784 ἐμὲ

217 1801 319 1882 ποῖός
335 1829 388 1883 τις
405 1798 448 1885 εἷ,
467 1805 523 1871 καὶ
539 1806 672 1892 πρῶτον
685 1802 716 1870 εἰ
729 1800 787 1871 οάκ
801 1798 889 1892 ἀχθη
907 1804 1177 1892 πιπρασκόμενος
1192 1804 1251 1870 καλ

212 1903 383 1984 δοῦλος”
354 1931 410 1974 ων.

269 2012 496 2071 ΧΡΥΣΙΙΠΙΟΣ.
534 2003 768 2094 θάδαμῶς·’
730 2035 768 2077 ου
786 2006 849 2100 γάρ
867 2005 952 2098 ἀφ’
933 2021 1010 2098 ημῖν
1026 2007 1131 2077 ταῦτά
1149 2005 1250 2076 ἐστιν.

218 2104 283 2179 όσα
302 2111 338 2177 δὲ
356 2108 414 2177 οὐκ
433 2107 590 2200 ίφῖἦμῐν,
611 2108 782 2200 ἀδιάφορα
799 2108 883 2180 εἶναι
900 2116 1111 2199 συμβέβηκεν.

269 2224 327 2282 ΩΝ.
363 2210 406 2281 θό
425 2213 586 2297 μανθάνω
604 2205 625 2302 ᾖ
643 2239 684 2281 κα
687 2214 829 2301 λ.λέγεις

269 2329 378 2384 xm.
420 2320 459 2382 Τί
480 2315 563 2405 φῄς,·
594 2313 632 2384 οά
654 2312 883 2402 μανθάνεις”
862 2342 915 2384 οτι
940 2342 1006 2384 των
1027 2315 1193 2385 τοιούτων
1206 2311 1253 2382 τδ

215 2421 276 2502 μέν
295 2415 365 2485 ἔστι
381 2424 585 2506 προηγμένα,
604 2416 697 2487 τὰδ’
713 2419 854 2504 ε’μπαλιν
872 2414 1148 2508 ἀποπροηγμένας

268 2534 326 2592 ΩΝ
362 2517 500 2588 Ούδλ
463 2546 518 2588 νυν
535 2523 729 2605 μανθάνω.

268 2637 377 2693 ΧΡΥΣ.
412 2623 576 2702 Εἰκότως
607 2621 644 2691 ού
666 2621 728 2714 γάρ
755 2620 787 2692 ελ
810 2624 957 2713 συνήθης
982 2636 1054 2704 τοῖς
1078 2618 1254 2711 ἡμετέροις
1364 2620 1366 2629 ’

218 2721 376 2810 όνόμασιν
400 2724 532 2793 ούδδ
497 2752 555 2813 την
577 2723 817 2814 καταληπτικην
838 2730 1023 2814 φαντασίαν
1044 2724 1141 2810 εχεις,
1169 2720 1189 2792 δ
1212 2725 1252 2793 δλ

123 2820 137 2839 ²
219 2824 435 2906 onovdazog‘
419 2854 436 2895 ο
450 2826 507 2915 τὴν
520 2826 650 2915 λογικὴν
663 2834 810 2918 θεωρίαν
824 2826 983 2914 ἐκμαθών
992 2825 1088 2897 οά’
1043 2823 1247 2916 μονονταῦτ

218 2924 320 3008 οἶδεν,
348 2926 434 2995 ἀλλά
455 2931 511 2995 καὶ
533 2928 693 3015 σύμβαμα
713 2934 768 2999 καὶ
789 2931 1041 3021 παρασύμβαμα
1067 2927 1172 3000 όποῖα
1193 2931 1252 2998 καλ

101 3054 108 3059 ·
218 3025 346 3098 δπόσον
362 3028 511 3119 ἀλλήλων
529 3032 692 3122 διαφέρει.

269 3147 327 3204 ΩΝ.
360 3130 450 3223 Πρὸς
466 3138 524 3222 τῆς
541 3141 677 3225 σοφίας,
695 3131 740 3226 μὴ
759 3136 932 3227 φθονήσης
948 3132 1008 3203 κάν
1024 3140 1123 3205 τοῦτο
1142 3135 1249 3204 εἰπεῖν

217 3239 252 3302 τί
268 3233 306 3302 τὸ
326 3235 483 3322 σύμβαμα
499 3236 555 3305 καί
571 3242 606 3305 τί
621 3236 660 3306 τὸ
678 3239 945 3327 παρασύμβαμα·
962 3241 1018 3306 καί
1030 3236 1092 3329 γάρ
1112 3236 1170 3307 ούκ
1184 3234 1249 3307 ολδ

146 3401 149 3411 .
208 3331 313 3418 ’ὅπως
331 3335 472 3427 όπλήγην
489 3337 556 3408 όπδ
574 3346 634 3408 τοῦ
651 3342 783 3430 ῥυθμοῦ
800 3348 866 3409 τῶν
884 3339 1064 3426 όνδμύτων.

267 3455 377 3510 xm.
406 3439 486 3510 m
502 3439 611 3522 οὐδεὶς
624 3443 769 3532 φθόνος·
791 3439 830 3532 ἢν
842 3445 904 3534 γάρ
916 3468 968 3524 τις
978 3441 1087 3526 χωλός
1098 3439 1145 3512 ἀν
1159 3439 1252 3531 αύτῷ

218 3539 328 3629 ἐκείνῳ
359 3549 407 3631 τῷ
434 3547 532 3632 χωλῷ
562 3546 646 3613 ποδί
674 3551 909 3636 προσπταίσας
938 3549 1028 3634 λίθῳ
1057 3546 1188 3634 τραῦμα
1215 3544 1252 3628 έξ

209 3639 366 3733 ’ἀφανοῦς
386 3646 484 3736 λάβῃ,
513 3643 700 3728 δτοιούτος
717 3643 782 3732 εἶχε
803 3649 862 3734 μὲν
884 3644 992 3738 δήπου
1016 3649 1175 3735 σύμβαμα
1190 3645 1251 3737 τὴν

211 3749 368 3830 χωλείαν,
386 3745 426 3815 τό
443 3753 575 3837 τραῦμα
592 3750 629 3818 δδ
644 3751 896 3838 παρασύμβαμα
913 3755 1128 3839 προσέλαβεν.

165 3866 200 3918 τε
268 3863 326 3919 ΩΝ.
354 3845 459 3938 mg
472 3848 648 3939 ἀγχινοίας.
674 3858 710 3921 τί
721 3850 752 3920 δ’
764 3851 849 3921 ἀλλο
856 3854 1002 3941 μάλιστα
1014 3852 1081 3944 φῂς
1094 3852 1235 3936 είδίναις

267 3965 377 4022 xm.
422 3950 489 4034 Τάς
516 3956 580 4024 τῶν
605 3955 711 4042 λόγων
740 3956 935 4039 πλεκτάνας,
972 3954 1028 4037 αῖς
1053 3955 1251 4043 συμποδίζω

216 4049 296 4134 τοὺς
315 4057 602 4145 προσομιλοῦντας
621 4059 677 4126 καὶ
699 4054 906 4150 ἀποφράττω
928 4060 984 4128 καί
1005 4063 1138 4129 σιωπᾶν
1159 4059 1253 4126 ποιῶ
