2752 4632
206 203 275 289 232
595 210 851 269 εονκικεοε

259 337 346 393 ΕΡΜ
380 317 539 406 Πάρεισιν
558 316 628 385 οίόε
647 317 680 385 ot
696 320 909 407 τραυματίαι,
937 311 984 398 ὥς
1002 312 1091 406 δρᾷς.
1126 314 1241 407 τᾶςδί

208 436 362 514 γυναῖκας
380 417 449 507 άμα
466 421 579 508 βούλει
596 422 796 508 παραγάγω,·

260 540 371 597 ΚΛΩΘ.
404 524 572 604 Μάλιστα,
591 520 739 602 καὶτοὺς
757 518 826 589 άπὸ
844 525 1007 608 ναυαγίων
1023 545 1060 609 γε
1076 514 1163 607 ἅμα·
1183 524 1241 593 καλ

166 630 172 639 ’
207 626 270 718 γάρ
285 632 429 695 τεθνᾶσι
449 624 506 693 τὸν
527 621 643 710 όμοιον
659 624 795 713 τρόπον.
830 626 886 691 καὶ
906 621 985 703 τοὺς
1005 620 1075 695 ἀπὸ
1096 630 1158 692 τοῦ
1174 651 1240 693 πο-

209 735 304 818 ρετοῦ
328 730 376 810 δὲ,
405 731 460 795 καὶ
482 728 618 811 τούτους
640 722 723 812 άμα,
750 723 861 793 καὶ
827 752 885 796 τον
907 724 1019 814 ἰατρὸν
1040 722 1110 810 μετ’
1130 722 1240 797 αὐτῶν

176 829 417 920 εΑγαθοκλέα.
457 855 524 898 που
543 825 608 897 όο
627 829 816 918 φιλόσοφος
831 833 1004 911 Κυνίσκος,
1031 828 1070 897 ὃν
1092 822 1178 897 έάει
1181 835 1241 920 τῇς

205 932 338 1027 Ἑκάτης
363 931 402 1000 τὸ
426 934 559 1001 δεῖπνον
582 931 730 1020 φαγόντα
755 934 811 998 καὶ
836 929 879 998 τὰ
902 929 937 998 ἐκ
957 937 1024 998 τῶν
1043 936 1241 1021 καθαρσίων

209 1033 260 1125 ᾠα
244 1020 333 1102 καὶ
349 1032 435 1122 πρὸς
451 1036 583 1114 τούτοις
598 1059 635 1121 γε
653 1029 819 1122 σηπίαν’
794 1032 885 1122 ωμὴν
902 1031 1105 1117 &wamm-

259 1153 345 1211 ΚΥΝ.
384 1138 495 1215 Πάλαι
513 1161 568 1204 σοι
584 1143 789 1224 παρέστηκα,
810 1162 837 1203 ω
824 1126 1007 1225 βελτίστη
1025 1140 1176 1205 Κλωθοῖ.
1206 1139 1242 1205 τί
1362 1216 1363 1219 ρ

209 1244 247 1309 δέ
262 1267 305 1326 με
323 1237 524 1327 ἀδικήσαντα
540 1245 699 1306 τοσοῦτον
716 1237 832 1318 εἴασας
849 1237 918 1305 άνω
935 1237 992 1306 τὸν
1006 1239 1140 1327 χρόνονς
1166 1260 1242 1323 σηοω

209 1340 321 1411 όὸν
284 1368 346 1429 γαρ
366 1338 442 1415 όλον
458 1367 518 1426 μοι
534 1338 591 1410 τόν
609 1336 768 1431 άτρακτον
791 1340 989 1421 ἐπέκλωσας.
1024 1346 1134 1408 καίτοι
1155 1343 1242 1407 πολ

208 1446 302 1525 λάκις
320 1443 504 1530 ἐπειράθην
521 1441 561 1510 τὸ
578 1450 665 1533 νῆμα
683 1444 850 1531 διακόψας
868 1442 995 1526 έλθειν,
1014 1439 1083 1511 ἀλλ’
1095 1445 1154 1511 οὐκ
1172 1438 1239 1510 οἶδ’

209 1543 303 1626 ὅπως
322 1542 479 1636 ἄρρηκτον
496 1535 544 1634 ἦν.

257 1664 368 1719 ΚΔΩΘ
397 1646 539 1737 ’Ἐφορόν
557 1674 595 1716 σε
616 1652 673 1715 καὶ
693 1644 806 1736 ἰατρὸν
829 1644 914 1715 είναι
934 1673 1000 1715 των
1018 1643 1241 1735 άνθρωπίνων

209 1748 452 1839 ἁμαρτημάτων
470 1748 571 1818 άπελί
558 1757 709 1835 ίμπανον.
747 1747 815 1817 ἀλλ’
832 1749 965 1835 ἔμβαινε
983 1749 1095 1838 ἀγαθῇ
1112 1749 1204 1839 τάχη.

257 1868 343 1923 ΚΥΝ.
378 1850 435 1919 Μὰ
454 1850 519 1935 Δί’,
544 1852 635 1940 εἰμὴ
653 1852 814 1941 πρότερόν
831 1877 868 1938 γε
884 1854 1014 1920 τουτονὶ
1030 1848 1087 1920 τὸν
1106 1852 1240 1937 όεόεμέ-

206 1979 261 2023 νον
276 1954 545 2041 ἒμβιβασόμεθα·
564 1955 658 2022 όέόια
674 1953 735 2041 γάρ
749 1954 794 2042 μή
809 1979 847 2021 σε
862 1960 1055 2043 παραπείσῃ
1074 1954 1239 2041 δεόμενος.

173 2076 190 2125 8
259 2073 372 2130 ΚΔΩΘ.
410 2054 482 2146 Φέρ’
498 2058 574 2138 ἰ’όω,
597 2063 650 2135 τίς
666 2056 771 2140 έστινς

256 2176 343 2233 ΕΡΜ.
378 2163 599 2247 Μεγαπένθης
617 2156 635 2226 5
653 2160 822 2242 Λακόόοο,
840 2158 1006 2249 τόραννος.

256 2276 368 2332 ΚΛΩΘ.
400 2258 567 2344 Ἐπίβαινε
586 2260 637 2328 σά.

255 2378 342 2432 ΜΕΓ.
376 2363 559 2448 Μηδαμῶς,
588 2354 615 2430 ὦ
634 2364 794 2431 δέσποινα
810 2366 963 2442 Κλωθοῖ,
992 2361 1076 2437 άλλά
1092 2388 1134 2447 με
1151 2360 1240 2451 πρὸς

206 2461 316 2552 ὀλίγον
335 2464 433 2533 έασον
450 2463 612 2535 ἀνελθεῖν.
649 2463 721 2534 εἶτά
739 2489 795 2534 σοι
812 2462 1000 2550 αὐτόματος
1016 2461 1084 2555 ἥξω
1101 2468 1240 2533 καλοῦν-

204 2592 262 2646 τος
278 2566 427 2654 μηδενός.

255 2684 366 2741 ΚΛΩΘ.
405 2677 444 2737 Τί
461 2671 497 2738 δέ
515 2669 602 2738 ἔστιν
621 2661 659 2738 05
674 2671 771 2761 χάριν
788 2668 975 2760 ἀφικέσθαι
992 2674 1120 2752 θέλεις,·

255 2785 343 2841 ΜΕΓ.
383 2771 445 2860 Τὴν
469 2773 574 2839 οἰκίαν
592 2771 758 2840 ἐκτελέσαι
778 2799 839 2858 μοι
859 2775 1022 2864 πρότερον
1040 2772 1238 2863 ἐπίτριψον·

203 2868 358 2962 ἡμιτελὴς
375 2872 437 2963 γάρ
457 2873 481 2941 5
495 2875 598 2960 δόμος
614 2879 878 2944 καταλέλειπται.

254 2990 365 3046 ΚΔΩΘ.
401 2987 536 3066 Ληρεῖς·
565 2973 633 3044 ἀλλ’
650 2976 793 3063 ἐ’μβαινε.

255 3093 342 3147 ΜΕΓ.
379 3076 421 3146 Οά
436 3079 541 3147 πολὺν
551 3080 676 3168 χρόνον,
697 3070 724 3145 ὦ
733 3068 854 3168 Μοῖρα,
874 3079 973 3147 αἰτῶ·
989 3085 1069 3165 μίαν
1081 3106 1124 3166 με
1138 3078 1238 3171 ἕσσον

203 3192 314 3263 μεῖναι
338 3181 434 3268 τήνδε
460 3179 595 3271 ἡμέραν,
624 3177 700 3270 άχρι
725 3179 765 3249 άν
790 3209 825 3251 τι
846 3181 1023 3272 ἐπισκήψω
1045 3189 1086 3272 τῇ
1106 3185 1239 3272 γυναικὶ

203 3283 282 3367 περὶ
299 3288 365 3348 τῶν
380 3284 567 3371 χρημάτων,
588 3282 672 3355 ἔνθα
687 3282 857 3375 τὸνμέγαν
872 3283 958 3370 είχον
971 3283 1143 3379 θησαυρὸν
1155 3310 1237 3353 κατ-

204 3389 436 3472 ορωρογμένον.

253 3501 364 3558 ΚΛΩΘ.
396 3484 540 3577 Μραρεν·
563 3485 621 3555 οόκ
638 3489 678 3557 άν
694 3490 816 3573 τόχοις.

251 3602 337 3659 ΜΕΓ.
368 3586 556 3659 Ἀπολεῖται
574 3582 630 3660 οὖν
647 3590 666 3660 5
681 3591 803 3679 χρυσὸς
819 3599 993 3678 τοσοῦτος,·

252 3704 363 3761 ΚΛΩΘ.
400 3689 464 3760 Οὔκ
481 3689 667 3761 ἀπολεῖται.
703 3694 850 3817 θάρρει
840 3696 959 3764 τούτου
977 3720 1014 3783 γε
1032 3693 1139 3765 ἕνεκα
1165 3704 1238 3761 Με-

200 3791 371 3881 γακλῆς
335 3819 397 3920 γαρ
416 3792 515 3863 αότὸν
534 3792 552 3862 5
572 3794 630 3876 σὸς
648 3793 787 3922 ἀνεψιὸς
803 3798 1050 3887 παραλήψεται.

251 3911 339 3975 ΜΕΓ
377 3893 412 3965 ”2
436 3906 494 3986 τῆς
518 3893 655 3985 ὕβρεως.
694 3897 713 3969 5
743 3897 922 3992 ἐχθρός,
905 3929 942 3970 ον
967 3897 1035 3971 άπὸ
1062 3884 1243 3991 ῥᾳθυμίας

202 3993 303 4085 έγωγε
320 3996 358 4067 οὗ
378 4006 638 4090 προαπέκτεινα,
