<?xml version="1.0" encoding="UTF-8"?>
<!DOCTYPE html PUBLIC "-//W3C//DTD XHTML 1.0 Transitional//EN"
    "http://www.w3.org/TR/xhtml1/DTD/xhtml1-transitional.dtd">
<html xmlns="http://www.w3.org/1999/xhtml" xml:lang="en" lang="en">
 <head>
  <title>
</title>
<meta http-equiv="Content-Type" content="text/html;charset=utf-8" />
  <meta name='ocr-system' content='tesseract 3.04.00' />
  <meta name='ocr-capabilities' content='ocr_page ocr_carea ocr_par ocr_line ocrx_word'/>
</head>
<body>
  <div class='ocr_page' id='page_1' title='image "./lucianisamosate04dindgoog_0200.png"; bbox 0 0 2752 4632; ppageno 0'>
   <div class='ocr_carea' id='block_1_1' title="bbox 103 197 1236 3993">
    <p class='ocr_par' dir='ltr' id='par_1_1' title="bbox 452 197 1149 264">
     <span class='ocr_line' id='line_1_1' title="bbox 452 197 1149 264; baseline 0.004 -4"><span class='ocrx_word' id='word_1_1' title='bbox 452 207 520 263; x_wconf 89' lang='lat' dir='ltr'>XII.</span> <span class='ocrx_word' id='word_1_2' title='bbox 542 206 686 263; x_wconf 75' lang='grc' dir='ltr'>ΧΑΡΩΝ</span> <span class='ocrx_word' id='word_1_3' title='bbox 703 207 789 264; x_wconf 82' lang='grc'><strong>3-5.</strong></span> <span class='ocrx_word' id='word_1_4' title='bbox 1080 197 1149 263; x_wconf 59' lang='lat'><strong><em>173</em></strong></span> 
     </span>
    </p>

    <p class='ocr_par' dir='ltr' id='par_1_2' title="bbox 103 302 1150 1328">
     <span class='ocr_line' id='line_1_2' title="bbox 158 302 1149 404; baseline 0.002 -23"><span class='ocrx_word' id='word_1_5' title='bbox 158 329 246 389; x_wconf 78' lang='grc' dir='ltr'><strong>ΕΡΜ.</strong></span> <span class='ocrx_word' id='word_1_6' title='bbox 279 310 443 392; x_wconf 77' lang='grc' dir='ltr'><strong><em>Εἰκότως·</em></strong></span> <span class='ocrx_word' id='word_1_7' title='bbox 466 309 601 399; x_wconf 77' lang='grc' dir='ltr'><strong><em>ἰδιώτης</em></strong></span> <span class='ocrx_word' id='word_1_8' title='bbox 617 309 680 400; x_wconf 80' lang='grc' dir='ltr'><strong><em>γὰρ</em></strong></span> <span class='ocrx_word' id='word_1_9' title='bbox 698 308 741 392; x_wconf 81' lang='grc' dir='ltr'><strong><em>εἶ,</em></strong></span> <span class='ocrx_word' id='word_1_10' title='bbox 763 302 933 400; x_wconf 86' lang='grc' dir='ltr'><strong><em>ῶΧάρων,</em></strong></span> <span class='ocrx_word' id='word_1_11' title='bbox 952 316 1008 391; x_wconf 84' lang='grc' dir='ltr'><strong><em>καὶ</em></strong></span> <span class='ocrx_word' id='word_1_12' title='bbox 1024 309 1149 404; x_wconf 76' lang='grc' dir='ltr'><strong><em>ἥκιστα</em></strong></span> 
     </span>
     <span class='ocr_line' id='line_1_3' title="bbox 104 410 1143 505; baseline 0 -19"><span class='ocrx_word' id='word_1_13' title='bbox 104 415 298 505; x_wconf 80' lang='grc' dir='ltr'><strong><em>ποιητικός·</em></strong></span> <span class='ocrx_word' id='word_1_14' title='bbox 323 410 342 482; x_wconf 96' lang='lat'><em>5</em></span> <span class='ocrx_word' id='word_1_15' title='bbox 361 415 398 481; x_wconf 78' lang='grc' dir='ltr'><strong><em>δὲ</em></strong></span> <span class='ocrx_word' id='word_1_16' title='bbox 414 414 570 500; x_wconf 83' lang='grc' dir='ltr'><strong><em>γεννάδας</em></strong></span> <span class='ocrx_word' id='word_1_17' title='bbox 580 411 716 504; x_wconf 72' lang='grc' dir='ltr'><strong><em>Ὅμηρος</em></strong></span> <span class='ocrx_word' id='word_1_18' title='bbox 733 411 802 482; x_wconf 82' lang='grc' dir='ltr'><strong><em>ἀπὸ</em></strong></span> <span class='ocrx_word' id='word_1_19' title='bbox 827 416 918 483; x_wconf 88' lang='grc' dir='ltr'><strong><em>δυοῖν</em></strong></span> <span class='ocrx_word' id='word_1_20' title='bbox 941 421 1065 499; x_wconf 87' lang='grc' dir='ltr'><strong><em>στίχοιν</em></strong></span> <span class='ocrx_word' id='word_1_21' title='bbox 1083 416 1143 486; x_wconf 84' lang='grc' dir='ltr'><strong><em>αύ-</em></strong></span> 
     </span>
     <span class='ocr_line' id='line_1_4' title="bbox 103 513 1143 609; baseline -0.003 -20"><span class='ocrx_word' id='word_1_22' title='bbox 103 524 182 589; x_wconf 80' lang='grc' dir='ltr'><strong><em>τίκα</em></strong></span> <span class='ocrx_word' id='word_1_23' title='bbox 207 514 284 606; x_wconf 82' lang='grc' dir='ltr'><strong><em>ἡμῖν</em></strong></span> <span class='ocrx_word' id='word_1_24' title='bbox 311 513 459 604; x_wconf 78' lang='grc' dir='ltr'><strong><em>ἀμβατὸν</em></strong></span> <span class='ocrx_word' id='word_1_25' title='bbox 486 515 622 604; x_wconf 73' lang='grc' dir='ltr'><strong><em>ἐποίησε</em></strong></span> <span class='ocrx_word' id='word_1_26' title='bbox 647 515 704 586; x_wconf 87' lang='grc' dir='ltr'><strong><em>τὸν</em></strong></span> <span class='ocrx_word' id='word_1_27' title='bbox 731 515 880 606; x_wconf 77' lang='grc' dir='ltr'><strong><em>οὐρανόν,</em></strong></span> <span class='ocrx_word' id='word_1_28' title='bbox 908 514 995 586; x_wconf 85' lang='grc' dir='ltr'><strong><em>ούτω</em></strong></span> <span class='ocrx_word' id='word_1_29' title='bbox 1018 521 1143 609; x_wconf 77' lang='grc' dir='ltr'><strong><em>ῥᾳδίως</em></strong></span> 
     </span>
     <span class='ocr_line' id='line_1_5' title="bbox 106 617 1142 710; baseline -0.001 -20"><span class='ocrx_word' id='word_1_30' title='bbox 106 624 245 700; x_wconf 81' lang='grc' dir='ltr'><strong><em>συνθείς</em></strong></span> <span class='ocrx_word' id='word_1_31' title='bbox 270 617 313 689; x_wconf 87' lang='grc' dir='ltr'><strong><em>τά</em></strong></span> <span class='ocrx_word' id='word_1_32' title='bbox 335 618 406 710; x_wconf 82' lang='grc' dir='ltr'><strong><em>ὄρη.</em></strong></span> <span class='ocrx_word' id='word_1_33' title='bbox 441 622 497 687; x_wconf 81' lang='grc' dir='ltr'><strong><em>καί</em></strong></span> <span class='ocrx_word' id='word_1_34' title='bbox 518 620 683 705; x_wconf 88' lang='grc' dir='ltr'><strong><em>θαυμάζω</em></strong></span> <span class='ocrx_word' id='word_1_35' title='bbox 726 621 760 688; x_wconf 81' lang='grc' dir='ltr'><strong><em>εί</em></strong></span> <span class='ocrx_word' id='word_1_36' title='bbox 779 646 834 703; x_wconf 85' lang='grc' dir='ltr'><strong><em>σρι</em></strong></span> <span class='ocrx_word' id='word_1_37' title='bbox 854 627 959 689; x_wconf 82' lang='grc' dir='ltr'><strong><em>ταῦτα</em></strong></span> <span class='ocrx_word' id='word_1_38' title='bbox 984 623 1142 709; x_wconf 80' lang='grc' dir='ltr'><strong><em>τεράστια</em></strong></span> 
     </span>
     <span class='ocr_line' id='line_1_6' title="bbox 105 719 1142 810; baseline 0.001 -19"><span class='ocrx_word' id='word_1_39' title='bbox 105 720 193 791; x_wconf 78' lang='grc' dir='ltr'><strong><em>εἶναι</em></strong></span> <span class='ocrx_word' id='word_1_40' title='bbox 211 724 303 791; x_wconf 89' lang='grc' dir='ltr'><strong><em>δοκεῖ</em></strong></span> <span class='ocrx_word' id='word_1_41' title='bbox 317 720 373 792; x_wconf 88' lang='grc' dir='ltr'><strong><em>τὸν</em></strong></span> <span class='ocrx_word' id='word_1_42' title='bbox 387 719 541 791; x_wconf 62' lang='grc' dir='ltr'><strong><em>Ἄτλαντα</em></strong></span> <span class='ocrx_word' id='word_1_43' title='bbox 560 720 683 810; x_wconf 81' lang='grc' dir='ltr'><strong><em>δηλαδὴ</em></strong></span> <span class='ocrx_word' id='word_1_44' title='bbox 702 723 819 805; x_wconf 81' lang='grc' dir='ltr'><strong><em>εἰδότι,</em></strong></span> <span class='ocrx_word' id='word_1_45' title='bbox 840 722 878 805; x_wconf 82' lang='grc' dir='ltr'><strong><em>ός</em></strong></span> <span class='ocrx_word' id='word_1_46' title='bbox 894 720 951 791; x_wconf 88' lang='grc' dir='ltr'><strong><em>τὸν</em></strong></span> <span class='ocrx_word' id='word_1_47' title='bbox 964 724 1069 793; x_wconf 90' lang='grc' dir='ltr'><strong><em>πόλον</em></strong></span> <span class='ocrx_word' id='word_1_48' title='bbox 1083 721 1142 792; x_wconf 90' lang='grc' dir='ltr'><strong><em>αύ-</em></strong></span> 
     </span>
     <span class='ocr_line' id='line_1_7' title="bbox 103 820 1142 914; baseline -0.002 -18"><span class='ocrx_word' id='word_1_49' title='bbox 103 823 164 896; x_wconf 82' lang='grc' dir='ltr'><strong><em>τδν</em></strong></span> <span class='ocrx_word' id='word_1_50' title='bbox 187 823 236 906; x_wconf 86' lang='grc' dir='ltr'><strong><em>είς</em></strong></span> <span class='ocrx_word' id='word_1_51' title='bbox 258 821 304 893; x_wconf 84' lang='grc' dir='ltr'><strong><em>ῶν</em></strong></span> <span class='ocrx_word' id='word_1_52' title='bbox 326 830 424 914; x_wconf 86' lang='grc' dir='ltr'><strong><em>φέρει</em></strong></span> <span class='ocrx_word' id='word_1_53' title='bbox 448 820 569 908; x_wconf 78' lang='grc' dir='ltr'><em>ἀνέχων</em></span> <span class='ocrx_word' id='word_1_54' title='bbox 591 822 677 913; x_wconf 78' lang='grc' dir='ltr'><strong><em>ἡμᾶς</em></strong></span> <span class='ocrx_word' id='word_1_55' title='bbox 699 820 860 905; x_wconf 76' lang='grc' dir='ltr'><strong><em>ἅπαντας.</em></strong></span> <span class='ocrx_word' id='word_1_56' title='bbox 896 822 1026 906; x_wconf 78' lang='grc' dir='ltr'><strong><em>ἀκούεις</em></strong></span> <span class='ocrx_word' id='word_1_57' title='bbox 1049 827 1086 893; x_wconf 85' lang='grc' dir='ltr'><strong><em>δέ</em></strong></span> <span class='ocrx_word' id='word_1_58' title='bbox 1105 851 1142 912; x_wconf 86' lang='grc' dir='ltr'><strong><em>γε</em></strong></span> 
     </span>
     <span class='ocr_line' id='line_1_8' title="bbox 105 924 1142 1018; baseline -0.004 -19"><span class='ocrx_word' id='word_1_59' title='bbox 105 929 190 1008; x_wconf 76' lang='grc' dir='ltr'><strong><em>ἴσως</em></strong></span> <span class='ocrx_word' id='word_1_60' title='bbox 206 931 263 995; x_wconf 87' lang='grc' dir='ltr'><strong><em>καὶ</em></strong></span> <span class='ocrx_word' id='word_1_61' title='bbox 279 934 339 996; x_wconf 87' lang='grc' dir='ltr'><strong><em>τού</em></strong></span> <span class='ocrx_word' id='word_1_62' title='bbox 357 925 503 1017; x_wconf 82' lang='grc' dir='ltr'><strong><em>ἀδελφοῦ</em></strong></span> <span class='ocrx_word' id='word_1_63' title='bbox 520 934 580 996; x_wconf 84' lang='grc' dir='ltr'><strong><em>τοῦ</em></strong></span> <span class='ocrx_word' id='word_1_64' title='bbox 599 926 678 1013; x_wconf 82' lang='grc' dir='ltr'><strong><em>ίμοῦ</em></strong></span> <span class='ocrx_word' id='word_1_65' title='bbox 696 934 776 1018; x_wconf 89' lang='grc' dir='ltr'><strong><em>πέρι</em></strong></span> <span class='ocrx_word' id='word_1_66' title='bbox 791 934 851 996; x_wconf 84' lang='grc' dir='ltr'><strong><em>τοῦ</em></strong></span> <span class='ocrx_word' id='word_1_67' title='bbox 865 924 1071 1018; x_wconf 75' lang='grc' dir='ltr'><strong><em>Ἡρακλέους,</em></strong></span> <span class='ocrx_word' id='word_1_68' title='bbox 1096 926 1142 1009; x_wconf 88' lang='grc' dir='ltr'><strong><em>ῶς</em></strong></span> 
     </span>
     <span class='ocr_line' id='line_1_9' title="bbox 106 1025 1144 1115; baseline -0.003 -15"><span class='ocrx_word' id='word_1_69' title='bbox 106 1029 298 1112; x_wconf 76' lang='grc' dir='ltr'><strong><em>διαδέξαιτό</em></strong></span> <span class='ocrx_word' id='word_1_70' title='bbox 325 1055 409 1098; x_wconf 90' lang='grc' dir='ltr'><strong><em>ποτε</em></strong></span> <span class='ocrx_word' id='word_1_71' title='bbox 434 1025 534 1098; x_wconf 87' lang='grc' dir='ltr'><strong><em>αύτδν</em></strong></span> <span class='ocrx_word' id='word_1_72' title='bbox 561 1030 681 1099; x_wconf 74' lang='grc' dir='ltr'><strong><em>ἐκεῖνον</em></strong></span> <span class='ocrx_word' id='word_1_73' title='bbox 707 1028 764 1099; x_wconf 87' lang='grc' dir='ltr'><strong><em>τὸν</em></strong></span> <span class='ocrx_word' id='word_1_74' title='bbox 787 1027 953 1115; x_wconf 69' lang='grc' dir='ltr'><strong><em>Ἄτλαντα,</em></strong></span> <span class='ocrx_word' id='word_1_75' title='bbox 981 1034 1037 1098; x_wconf 85' lang='grc' dir='ltr'><strong><em>καί</em></strong></span> <span class='ocrx_word' id='word_1_76' title='bbox 1063 1028 1144 1098; x_wconf 86' lang='grc' dir='ltr'><strong><em>ἀνα-</em></strong></span> 
     </span>
     <span class='ocr_line' id='line_1_10' title="bbox 104 1128 1150 1222; baseline -0.001 -20"><span class='ocrx_word' id='word_1_77' title='bbox 104 1133 250 1202; x_wconf 89' lang='grc' dir='ltr'><strong><em>παύσειε</em></strong></span> <span class='ocrx_word' id='word_1_78' title='bbox 276 1130 363 1219; x_wconf 84' lang='grc' dir='ltr'><strong><em>πρὸς</em></strong></span> <span class='ocrx_word' id='word_1_79' title='bbox 393 1129 503 1221; x_wconf 89' lang='grc' dir='ltr'><strong><em>ἀλίγον</em></strong></span> <span class='ocrx_word' id='word_1_80' title='bbox 528 1139 588 1201; x_wconf 82' lang='grc' dir='ltr'><strong><em>τοῦ</em></strong></span> <span class='ocrx_word' id='word_1_81' title='bbox 619 1128 747 1216; x_wconf 86' lang='grc' dir='ltr'><strong><em>ἀχθους</em></strong></span> <span class='ocrx_word' id='word_1_82' title='bbox 776 1129 922 1214; x_wconf 79' lang='grc' dir='ltr'><strong><em>ἀποθεὶς</em></strong></span> <span class='ocrx_word' id='word_1_83' title='bbox 951 1132 1068 1205; x_wconf 76' lang='grc' dir='ltr'><strong><em>ἑαυτὸν</em></strong></span> <span class='ocrx_word' id='word_1_84' title='bbox 1093 1139 1150 1222; x_wconf 62' lang='grc' dir='ltr'><strong><em>τῶἱ</em></strong></span> 
     </span>
     <span class='ocr_line' id='line_1_11' title="bbox 105 1240 250 1328; baseline 0 -25"><span class='ocrx_word' id='word_1_85' title='bbox 105 1240 250 1328; x_wconf 80' lang='grc' dir='ltr'><strong><em>φορτίῳ.</em></strong></span> 
     </span>
    </p>

    <p class='ocr_par' dir='ltr' id='par_1_3' title="bbox 103 1329 1131 1537">
     <span class='ocr_line' id='line_1_12' title="bbox 118 1329 1131 1428; baseline -0.005 -18"><span class='ocrx_word' id='word_1_86' title='bbox 118 1414 121 1421; x_wconf 74' lang='grc'><strong><em>,</em></strong></span> <span class='ocrx_word' id='word_1_87' title='bbox 158 1353 247 1410; x_wconf 85' lang='grc' dir='ltr'><strong>ΧΑΡ.</strong></span> <span class='ocrx_word' id='word_1_88' title='bbox 279 1334 399 1406; x_wconf 69' lang='grc' dir='ltr'><strong><em>Ἀκούει</em></strong></span> <span class='ocrx_word' id='word_1_89' title='bbox 417 1339 608 1406; x_wconf 82' lang='grc' dir='ltr'><strong><em>καὶταῦτα·</em></strong></span> <span class='ocrx_word' id='word_1_90' title='bbox 627 1338 658 1407; x_wconf 85' lang='grc' dir='ltr'><strong><em>εἰ</em></strong></span> <span class='ocrx_word' id='word_1_91' title='bbox 672 1339 708 1406; x_wconf 71' lang='grc' dir='ltr'><strong><em>δὲ</em></strong></span> <span class='ocrx_word' id='word_1_92' title='bbox 722 1335 847 1428; x_wconf 79' lang='grc' dir='ltr'><strong><em>ἀληθῆ,</em></strong></span> <span class='ocrx_word' id='word_1_93' title='bbox 868 1336 907 1408; x_wconf 82' lang='grc' dir='ltr'><strong><em>σύ</em></strong></span> <span class='ocrx_word' id='word_1_94' title='bbox 922 1334 975 1421; x_wconf 84' lang='grc' dir='ltr'><strong><em>ἀν,</em></strong></span> <span class='ocrx_word' id='word_1_95' title='bbox 996 1329 1131 1427; x_wconf 80' lang='grc' dir='ltr'><strong><em>ῶἙρμῆ</em></strong></span> 
     </span>
     <span class='ocr_line' id='line_1_13' title="bbox 103 1429 538 1537; baseline -0.002 -27"><span class='ocrx_word' id='word_1_96' title='bbox 103 1444 163 1510; x_wconf 84' lang='grc' dir='ltr'><strong><em>καὶ</em></strong></span> <span class='ocrx_word' id='word_1_97' title='bbox 182 1441 216 1508; x_wconf 74' lang='lat' dir='ltr'><strong><em>ol</em></strong></span> <span class='ocrx_word' id='word_1_98' title='bbox 233 1445 373 1537; x_wconf 82' lang='grc' dir='ltr'><strong><em>ποιηταὶ</em></strong></span> <span class='ocrx_word' id='word_1_99' title='bbox 388 1429 538 1531; x_wconf 86' lang='grc' dir='ltr'><strong><em>εἰδείητε.</em></strong></span> 
     </span>
    </p>

    <p class='ocr_par' dir='ltr' id='par_1_4' title="bbox 103 1534 1236 1838">
     <span class='ocr_line' id='line_1_14' title="bbox 158 1534 1143 1634; baseline -0.003 -20"><span class='ocrx_word' id='word_1_100' title='bbox 158 1558 245 1615; x_wconf 78' lang='lat' dir='ltr'><strong><em>EPM</em></strong></span> <span class='ocrx_word' id='word_1_101' title='bbox 276 1541 512 1630; x_wconf 72' lang='grc' dir='ltr'><strong><em>Άληθέστατα,</em></strong></span> <span class='ocrx_word' id='word_1_102' title='bbox 533 1534 705 1634; x_wconf 83' lang='grc' dir='ltr'><strong><em>ῶΧάρων·</em></strong></span> <span class='ocrx_word' id='word_1_103' title='bbox 723 1539 844 1631; x_wconf 76' lang='grc' dir='ltr'><strong><em>ἢτίνος</em></strong></span> <span class='ocrx_word' id='word_1_104' title='bbox 857 1541 919 1632; x_wconf 83' lang='grc' dir='ltr'><strong><em>γάρ</em></strong></span> <span class='ocrx_word' id='word_1_105' title='bbox 935 1542 1026 1611; x_wconf 70' lang='grc' dir='ltr'><strong><em>ἕνεκα</em></strong></span> <span class='ocrx_word' id='word_1_106' title='bbox 1039 1547 1143 1632; x_wconf 85' lang='grc' dir='ltr'><strong><em>σοφοὶ</em></strong></span> 
     </span>
     <span class='ocr_line' id='line_1_15' title="bbox 104 1640 1236 1734; baseline -0.002 -20"><span class='ocrx_word' id='word_1_107' title='bbox 104 1642 224 1732; x_wconf 86' lang='grc' dir='ltr'><strong><em>ἀνδρες</em></strong></span> <span class='ocrx_word' id='word_1_108' title='bbox 250 1644 431 1732; x_wconf 70' lang='grc' dir='ltr'><strong><em>ἐψεύδοντο</em></strong></span> <span class='ocrx_word' id='word_1_109' title='bbox 455 1642 510 1730; x_wconf 84' lang='grc' dir='ltr'><strong><em>ἀν,·</em></strong></span> <span class='ocrx_word' id='word_1_110' title='bbox 543 1640 628 1713; x_wconf 85' lang='grc' dir='ltr'><strong><em>ῶστε</em></strong></span> <span class='ocrx_word' id='word_1_111' title='bbox 655 1641 925 1729; x_wconf 77' lang='grc' dir='ltr'><strong><em>ἀναμοχλεύωμεν</em></strong></span> <span class='ocrx_word' id='word_1_112' title='bbox 950 1645 1007 1734; x_wconf 78' lang='grc' dir='ltr'><strong><em>τὴν</em></strong></span> <span class='ocrx_word' id='word_1_113' title='bbox 1025 1642 1142 1716; x_wconf 71' lang='grc' dir='ltr'><strong><em>Ὄσσαν</em></strong></span> <span class='ocrx_word' id='word_1_114' title='bbox 1230 1686 1236 1696; x_wconf 92' lang='lat'><strong>·</strong></span> 
     </span>
     <span class='ocr_line' id='line_1_16' title="bbox 103 1744 1139 1838; baseline 0 -21"><span class='ocrx_word' id='word_1_115' title='bbox 103 1754 255 1838; x_wconf 85' lang='grc' dir='ltr'><strong><em>πρῶτον,</em></strong></span> <span class='ocrx_word' id='word_1_116' title='bbox 280 1744 395 1838; x_wconf 82' lang='grc' dir='ltr'><strong><em>ῶσπερ</em></strong></span> <span class='ocrx_word' id='word_1_117' title='bbox 407 1744 484 1836; x_wconf 81' lang='grc' dir='ltr'><strong><em>ἡμῖν</em></strong></span> <span class='ocrx_word' id='word_1_118' title='bbox 497 1744 674 1837; x_wconf 86' lang='grc' dir='ltr'><strong><em>ύφηγεῖται</em></strong></span> <span class='ocrx_word' id='word_1_119' title='bbox 686 1744 725 1815; x_wconf 87' lang='grc' dir='ltr'><strong><em>τὸ</em></strong></span> <span class='ocrx_word' id='word_1_120' title='bbox 740 1747 821 1828; x_wconf 77' lang='grc' dir='ltr'><strong><em>έπος</em></strong></span> <span class='ocrx_word' id='word_1_121' title='bbox 833 1750 889 1814; x_wconf 81' lang='grc' dir='ltr'><strong><em>καὶ</em></strong></span> <span class='ocrx_word' id='word_1_122' title='bbox 903 1744 920 1816; x_wconf 91' lang='lat'><em>5</em></span> <span class='ocrx_word' id='word_1_123' title='bbox 934 1745 1139 1835; x_wconf 84' lang='grc' dir='ltr'><strong><em>ἀρχιτέκτων,</em></strong></span> 
     </span>
    </p>

    <p class='ocr_par' dir='ltr' id='par_1_5' title="bbox 487 1845 770 1938">
     <span class='ocr_line' id='line_1_17' title="bbox 487 1845 770 1938; baseline 0 -21"><span class='ocrx_word' id='word_1_124' title='bbox 487 1848 592 1938; x_wconf 84' lang='grc' dir='ltr'><strong><em>αύτάρ</em></strong></span> <span class='ocrx_word' id='word_1_125' title='bbox 610 1846 661 1918; x_wconf 69' lang='grc' dir='ltr'><strong><em>ἐπ’</em></strong></span> <span class='ocrx_word' id='word_1_126' title='bbox 675 1845 770 1938; x_wconf 69' lang='grc' dir='ltr'><strong><em>Ὄσσῃ</em></strong></span> 
     </span>
    </p>

    <p class='ocr_par' dir='ltr' id='par_1_6' title="bbox 104 1940 1176 2956">
     <span class='ocr_line' id='line_1_18' title="bbox 408 1940 788 2043; baseline -0.003 -22"><span class='ocrx_word' id='word_1_127' title='bbox 408 1940 532 2041; x_wconf 84' lang='grc' dir='ltr'><strong><em>Πήλιον</em></strong></span> <span class='ocrx_word' id='word_1_128' title='bbox 550 1953 788 2043; x_wconf 74' lang='grc' dir='ltr'><strong><em>εἰνοσίφυλλον.</em></strong></span> 
     </span>
     <span class='ocr_line' id='line_1_19' title="bbox 106 2051 1142 2146; baseline -0.004 -21"><span class='ocrx_word' id='word_1_129' title='bbox 106 2053 189 2146; x_wconf 77' lang='grc' dir='ltr'><strong><em>δρᾷς</em></strong></span> <span class='ocrx_word' id='word_1_130' title='bbox 217 2051 312 2136; x_wconf 84' lang='grc' dir='ltr'><strong><em>όπως</em></strong></span> <span class='ocrx_word' id='word_1_131' title='bbox 337 2056 460 2145; x_wconf 77' lang='grc' dir='ltr'><strong><em>ῥᾳδίως</em></strong></span> <span class='ocrx_word' id='word_1_132' title='bbox 486 2052 556 2141; x_wconf 83' lang='grc' dir='ltr'><strong><em>ἀμα</em></strong></span> <span class='ocrx_word' id='word_1_133' title='bbox 586 2059 642 2123; x_wconf 86' lang='grc' dir='ltr'><strong><em>καὶ</em></strong></span> <span class='ocrx_word' id='word_1_134' title='bbox 673 2060 854 2142; x_wconf 79' lang='grc' dir='ltr'><strong><em>ποιητικῶς</em></strong></span> <span class='ocrx_word' id='word_1_135' title='bbox 885 2054 1142 2143; x_wconf 74' lang='grc' dir='ltr'><strong><em>ἐξειργάσμεθας</em></strong></span> 
     </span>
     <span class='ocr_line' id='line_1_20' title="bbox 105 2149 1143 2249; baseline 0 -24"><span class='ocrx_word' id='word_1_136' title='bbox 105 2156 180 2249; x_wconf 74' lang='grc' dir='ltr'><strong><em>φέρ’</em></strong></span> <span class='ocrx_word' id='word_1_137' title='bbox 199 2149 254 2226; x_wconf 85' lang='grc' dir='ltr'><strong><em>ούν</em></strong></span> <span class='ocrx_word' id='word_1_138' title='bbox 273 2155 397 2244; x_wconf 84' lang='grc' dir='ltr'><strong><em>ἀναβὰς</em></strong></span> <span class='ocrx_word' id='word_1_139' title='bbox 418 2158 481 2226; x_wconf 80' lang='grc' dir='ltr'><strong><em>’ίδιο</em></strong></span> <span class='ocrx_word' id='word_1_140' title='bbox 504 2158 534 2225; x_wconf 82' lang='grc' dir='ltr'><strong><em>εί</em></strong></span> <span class='ocrx_word' id='word_1_141' title='bbox 555 2161 731 2226; x_wconf 80' lang='grc' dir='ltr'><strong><em>καὶταῦτα</em></strong></span> <span class='ocrx_word' id='word_1_142' title='bbox 754 2156 847 2225; x_wconf 77' lang='grc' dir='ltr'><strong><em>ἱκανὰ</em></strong></span> <span class='ocrx_word' id='word_1_143' title='bbox 869 2154 890 2245; x_wconf 83' lang='grc' dir='ltr'><em>ἢ</em></span> <span class='ocrx_word' id='word_1_144' title='bbox 912 2155 1143 2244; x_wconf 71' lang='grc' dir='ltr'><strong><em>ἐποικοδομεῖν</em></strong></span> 
     </span>
     <span class='ocr_line' id='line_1_21' title="bbox 106 2257 1176 2350; baseline 0.001 -20"><span class='ocrx_word' id='word_1_145' title='bbox 106 2260 158 2330; x_wconf 66' lang='grc' dir='ltr'><strong><em>ἔτι</em></strong></span> <span class='ocrx_word' id='word_1_146' title='bbox 176 2262 297 2349; x_wconf 85' lang='grc' dir='ltr'><strong><em>δεήσει.</em></strong></span> <span class='ocrx_word' id='word_1_147' title='bbox 333 2273 461 2343; x_wconf 87' lang='grc' dir='ltr'><strong><em>παπαῖ,</em></strong></span> <span class='ocrx_word' id='word_1_148' title='bbox 493 2262 581 2328; x_wconf 91' lang='grc' dir='ltr'><strong><em>κάτω</em></strong></span> <span class='ocrx_word' id='word_1_149' title='bbox 601 2261 650 2328; x_wconf 84' lang='grc' dir='ltr'><strong><em>ἐ’τι</em></strong></span> <span class='ocrx_word' id='word_1_150' title='bbox 671 2259 767 2348; x_wconf 73' lang='grc' dir='ltr'><strong><em>ἐσμὲν</em></strong></span> <span class='ocrx_word' id='word_1_151' title='bbox 786 2259 818 2329; x_wconf 79' lang='grc' dir='ltr'><strong><em>έν</em></strong></span> <span class='ocrx_word' id='word_1_152' title='bbox 836 2257 988 2350; x_wconf 74' lang='grc' dir='ltr'><strong><em>ὑπωρείᾳ</em></strong></span> <span class='ocrx_word' id='word_1_153' title='bbox 1009 2268 1067 2329; x_wconf 83' lang='grc' dir='ltr'><strong><em>τοῦ</em></strong></span> <span class='ocrx_word' id='word_1_154' title='bbox 1087 2260 1176 2331; x_wconf 67' lang='grc' dir='ltr'><strong><em>σεδ-5</em></strong></span> 
     </span>
     <span class='ocr_line' id='line_1_22' title="bbox 106 2361 1143 2454; baseline -0.002 -23"><span class='ocrx_word' id='word_1_155' title='bbox 106 2370 225 2454; x_wconf 83' lang='grc' dir='ltr'><strong><em>ρανού·</em></strong></span> <span class='ocrx_word' id='word_1_156' title='bbox 254 2361 323 2431; x_wconf 89' lang='grc' dir='ltr'><strong><em>ἀπὸ</em></strong></span> <span class='ocrx_word' id='word_1_157' title='bbox 344 2365 403 2449; x_wconf 81' lang='grc' dir='ltr'><strong><em>μέν</em></strong></span> <span class='ocrx_word' id='word_1_158' title='bbox 425 2363 486 2452; x_wconf 84' lang='grc' dir='ltr'><strong><em>γάρ</em></strong></span> <span class='ocrx_word' id='word_1_159' title='bbox 508 2370 575 2431; x_wconf 89' lang='grc' dir='ltr'><strong><em>τῶν</em></strong></span> <span class='ocrx_word' id='word_1_160' title='bbox 597 2362 688 2451; x_wconf 76' lang='grc' dir='ltr'><strong><em>ἑῴων</em></strong></span> <span class='ocrx_word' id='word_1_161' title='bbox 708 2366 807 2451; x_wconf 90' lang='grc' dir='ltr'><strong><em>μόγις</em></strong></span> <span class='ocrx_word' id='word_1_162' title='bbox 825 2361 930 2433; x_wconf 81' lang='grc' dir='ltr'><strong><em>Ἰωνία</em></strong></span> <span class='ocrx_word' id='word_1_163' title='bbox 955 2366 1011 2430; x_wconf 85' lang='grc' dir='ltr'><strong><em>καί</em></strong></span> <span class='ocrx_word' id='word_1_164' title='bbox 1032 2365 1143 2431; x_wconf 87' lang='grc' dir='ltr'><strong><em>Λυδία</em></strong></span> 
     </span>
     <span class='ocr_line' id='line_1_23' title="bbox 106 2462 1145 2556; baseline -0.001 -23"><span class='ocrx_word' id='word_1_165' title='bbox 106 2472 277 2556; x_wconf 80' lang='grc' dir='ltr'><strong><em>φαίνεται,</em></strong></span> <span class='ocrx_word' id='word_1_166' title='bbox 298 2464 368 2534; x_wconf 84' lang='grc' dir='ltr'><strong><em>ἀπὸ</em></strong></span> <span class='ocrx_word' id='word_1_167' title='bbox 386 2467 423 2533; x_wconf 75' lang='grc' dir='ltr'><strong><em>δὲ</em></strong></span> <span class='ocrx_word' id='word_1_168' title='bbox 439 2473 498 2554; x_wconf 82' lang='grc' dir='ltr'><strong><em>τῆς</em></strong></span> <span class='ocrx_word' id='word_1_169' title='bbox 511 2465 655 2556; x_wconf 78' lang='grc' dir='ltr'><strong><em>ἑσπέρας</em></strong></span> <span class='ocrx_word' id='word_1_170' title='bbox 673 2462 710 2533; x_wconf 87' lang='grc' dir='ltr'><strong><em>ού</em></strong></span> <span class='ocrx_word' id='word_1_171' title='bbox 725 2464 970 2546; x_wconf 75' lang='grc' dir='ltr'><strong><em>πλέονἸεαλίας</em></strong></span> <span class='ocrx_word' id='word_1_172' title='bbox 986 2469 1145 2533; x_wconf 84' lang='grc' dir='ltr'><strong><em>κυὶΣικε-</em></strong></span> 
     </span>
     <span class='ocr_line' id='line_1_24' title="bbox 106 2565 1145 2658; baseline -0.004 -20"><span class='ocrx_word' id='word_1_173' title='bbox 106 2571 196 2651; x_wconf 82' lang='grc' dir='ltr'><strong><em>λίας,</em></strong></span> <span class='ocrx_word' id='word_1_174' title='bbox 225 2566 297 2637; x_wconf 78' lang='grc' dir='ltr'><strong><em>ἀπὸ</em></strong></span> <span class='ocrx_word' id='word_1_175' title='bbox 314 2570 350 2638; x_wconf 79' lang='grc' dir='ltr'><strong><em>δέ</em></strong></span> <span class='ocrx_word' id='word_1_176' title='bbox 367 2576 432 2637; x_wconf 87' lang='grc' dir='ltr'><strong><em>τῶν</em></strong></span> <span class='ocrx_word' id='word_1_177' title='bbox 451 2566 606 2658; x_wconf 79' lang='grc' dir='ltr'><strong><em>ἀρκτῴων</em></strong></span> <span class='ocrx_word' id='word_1_178' title='bbox 623 2565 666 2636; x_wconf 84' lang='grc' dir='ltr'><strong><em>τὰ</em></strong></span> <span class='ocrx_word' id='word_1_179' title='bbox 684 2566 741 2636; x_wconf 76' lang='grc' dir='ltr'><strong><em>ἐπὶ</em></strong></span> <span class='ocrx_word' id='word_1_180' title='bbox 762 2569 843 2636; x_wconf 90' lang='grc' dir='ltr'><strong><em>τάδε</em></strong></span> <span class='ocrx_word' id='word_1_181' title='bbox 864 2575 924 2637; x_wconf 84' lang='grc' dir='ltr'><strong><em>τοῦ</em></strong></span> <span class='ocrx_word' id='word_1_182' title='bbox 936 2565 1063 2657; x_wconf 73' lang='grc' dir='ltr'><strong><em>Ἴστρου</em></strong></span> <span class='ocrx_word' id='word_1_183' title='bbox 1080 2569 1145 2651; x_wconf 90' lang='grc' dir='ltr'><strong><em>μό-</em></strong></span> 
     </span>
     <span class='ocr_line' id='line_1_25' title="bbox 104 2668 1144 2761; baseline -0.007 -19"><span class='ocrx_word' id='word_1_184' title='bbox 104 2696 177 2752; x_wconf 88' lang='grc' dir='ltr'><strong><em>νον,</em></strong></span> <span class='ocrx_word' id='word_1_185' title='bbox 205 2668 359 2739; x_wconf 90' lang='grc' dir='ltr'><strong><em>κάκεῖθεν</em></strong></span> <span class='ocrx_word' id='word_1_186' title='bbox 384 2669 404 2760; x_wconf 82' lang='grc' dir='ltr'>ἡ</span> <span class='ocrx_word' id='word_1_187' title='bbox 430 2672 540 2761; x_wconf 84' lang='grc' dir='ltr'><strong><em>Κρήτη</em></strong></span> <span class='ocrx_word' id='word_1_188' title='bbox 568 2668 607 2738; x_wconf 84' lang='grc' dir='ltr'><strong><em>ού</em></strong></span> <span class='ocrx_word' id='word_1_189' title='bbox 638 2671 726 2738; x_wconf 89' lang='grc' dir='ltr'><strong><em>πάνυ</em></strong></span> <span class='ocrx_word' id='word_1_190' title='bbox 759 2677 887 2760; x_wconf 86' lang='grc' dir='ltr'><strong><em>σαφῶς.</em></strong></span> <span class='ocrx_word' id='word_1_191' title='bbox 930 2675 1144 2758; x_wconf 83' lang='grc' dir='ltr'><strong><em>μετακινητέα</em></strong></span> 
     </span>
     <span class='ocr_line' id='line_1_26' title="bbox 104 2765 1145 2865; baseline -0.002 -23"><span class='ocrx_word' id='word_1_192' title='bbox 104 2771 199 2865; x_wconf 64' lang='grc' dir='ltr'><strong><em>ἡμῖν,</em></strong></span> <span class='ocrx_word' id='word_1_193' title='bbox 227 2765 443 2864; x_wconf 83' lang='grc' dir='ltr'><strong><em>ῶπορθμεῦ,</em></strong></span> <span class='ocrx_word' id='word_1_194' title='bbox 471 2770 563 2863; x_wconf 78' lang='grc' dir='ltr'><strong><em>καὶὴ</em></strong></span> <span class='ocrx_word' id='word_1_195' title='bbox 585 2773 676 2862; x_wconf 78' lang='grc' dir='ltr'><strong><em>θύιη,</em></strong></span> <span class='ocrx_word' id='word_1_196' title='bbox 709 2770 755 2855; x_wconf 82' lang='grc' dir='ltr'><strong><em>ῶς</em></strong></span> <span class='ocrx_word' id='word_1_197' title='bbox 777 2773 893 2855; x_wconf 78' lang='grc' dir='ltr'><strong><em>έοικεν,</em></strong></span> <span class='ocrx_word' id='word_1_198' title='bbox 922 2770 993 2843; x_wconf 79' lang='grc' dir='ltr'><strong><em>εἶτα</em></strong></span> <span class='ocrx_word' id='word_1_199' title='bbox 1016 2769 1034 2840; x_wconf 90' lang='lat'><em>5</em></span> <span class='ocrx_word' id='word_1_200' title='bbox 1053 2785 1145 2862; x_wconf 87' lang='grc' dir='ltr'><strong><em>Παρ-</em></strong></span> 
     </span>
     <span class='ocr_line' id='line_1_27' title="bbox 105 2875 437 2956; baseline -0.006 -10"><span class='ocrx_word' id='word_1_201' title='bbox 105 2875 231 2956; x_wconf 82' lang='grc' dir='ltr'><strong><em>νασσὸς</em></strong></span> <span class='ocrx_word' id='word_1_202' title='bbox 249 2876 308 2947; x_wconf 75' lang='grc' dir='ltr'><strong><em>ἐπὶ</em></strong></span> <span class='ocrx_word' id='word_1_203' title='bbox 324 2884 437 2945; x_wconf 87' lang='grc' dir='ltr'><strong><em>πᾶσιν.</em></strong></span> 
     </span>
    </p>

    <p class='ocr_par' dir='ltr' id='par_1_7' title="bbox 107 2976 1183 3378">
     <span class='ocr_line' id='line_1_28' title="bbox 160 2976 1145 3070; baseline -0.003 -21"><span class='ocrx_word' id='word_1_204' title='bbox 160 2995 244 3050; x_wconf 82' lang='lat' dir='ltr'>XAP.</span> <span class='ocrx_word' id='word_1_205' title='bbox 286 2976 377 3048; x_wconf 74' lang='grc' dir='ltr'><strong><em>Οὕτω</em></strong></span> <span class='ocrx_word' id='word_1_206' title='bbox 398 2986 559 3065; x_wconf 92' lang='grc' dir='ltr'><strong><em>ποιῶμεν.</em></strong></span> <span class='ocrx_word' id='word_1_207' title='bbox 604 2977 666 3070; x_wconf 82' lang='grc' dir='ltr'><strong><em>ἀρα</em></strong></span> <span class='ocrx_word' id='word_1_208' title='bbox 686 2980 787 3066; x_wconf 91' lang='grc' dir='ltr'><strong><em>μόνον</em></strong></span> <span class='ocrx_word' id='word_1_209' title='bbox 808 2977 853 3069; x_wconf 80' lang='grc' dir='ltr'><strong><em>μη</em></strong></span> <span class='ocrx_word' id='word_1_210' title='bbox 876 2979 1075 3067; x_wconf 88' lang='grc' dir='ltr'><strong><em>λεπτότερον</em></strong></span> <span class='ocrx_word' id='word_1_211' title='bbox 1093 2976 1145 3061; x_wconf 82' lang='grc' dir='ltr'><strong><em>έξ-</em></strong></span> 
     </span>
     <span class='ocr_line' id='line_1_29' title="bbox 108 3080 1183 3174; baseline 0 -26"><span class='ocrx_word' id='word_1_212' title='bbox 108 3083 333 3172; x_wconf 81' lang='grc' dir='ltr'><strong><em>εργασιόμεθα</em></strong></span> <span class='ocrx_word' id='word_1_213' title='bbox 349 3080 387 3151; x_wconf 92' lang='grc' dir='ltr'><strong><em>τὸ</em></strong></span> <span class='ocrx_word' id='word_1_214' title='bbox 406 3082 498 3172; x_wconf 79' lang='grc' dir='ltr'><strong><em>ἔργον</em></strong></span> <span class='ocrx_word' id='word_1_215' title='bbox 517 3080 783 3174; x_wconf 85' lang='grc' dir='ltr'><strong><em>ἀπομηκύναντες</em></strong></span> <span class='ocrx_word' id='word_1_216' title='bbox 799 3089 887 3173; x_wconf 89' lang='grc' dir='ltr'><strong><em>πέρα</em></strong></span> <span class='ocrx_word' id='word_1_217' title='bbox 904 3089 963 3152; x_wconf 88' lang='grc' dir='ltr'><strong><em>τού</em></strong></span> <span class='ocrx_word' id='word_1_218' title='bbox 981 3089 1141 3163; x_wconf 76' lang='grc' dir='ltr'><strong><em>πιθανοῦ,</em></strong></span> <span class='ocrx_word' id='word_1_219' title='bbox 1178 3158 1183 3167; x_wconf 37' lang='grc'><strong><em>,</em></strong></span> 
     </span>
     <span class='ocr_line' id='line_1_30' title="bbox 109 3182 1152 3276; baseline -0.003 -21"><span class='ocrx_word' id='word_1_220' title='bbox 109 3182 183 3255; x_wconf 79' lang='grc' dir='ltr'><strong><em>εἶτα</em></strong></span> <span class='ocrx_word' id='word_1_221' title='bbox 201 3191 514 3276; x_wconf 78' lang='grc' dir='ltr'><strong><em>συγκαταρριφέντες</em></strong></span> <span class='ocrx_word' id='word_1_222' title='bbox 536 3182 624 3274; x_wconf 76' lang='grc' dir='ltr'><strong><em>αὐτῷ</em></strong></span> <span class='ocrx_word' id='word_1_223' title='bbox 647 3194 768 3276; x_wconf 86' lang='grc' dir='ltr'><strong><em>πικράς</em></strong></span> <span class='ocrx_word' id='word_1_224' title='bbox 788 3193 847 3275; x_wconf 76' lang='grc' dir='ltr'><strong><em>τῆς</em></strong></span> <span class='ocrx_word' id='word_1_225' title='bbox 861 3183 994 3275; x_wconf 82' lang='grc' dir='ltr'><strong><em>Ὁμήρου</em></strong></span> <span class='ocrx_word' id='word_1_226' title='bbox 1014 3186 1152 3267; x_wconf 58' lang='lat' dir='ltr'><strong><em>ahtodo--1</em></strong></span> 
     </span>
     <span class='ocr_line' id='line_1_31' title="bbox 107 3293 971 3378; baseline 0.001 -23"><span class='ocrx_word' id='word_1_227' title='bbox 107 3295 247 3376; x_wconf 81' lang='grc' dir='ltr'><strong><em>μητικῆς</em></strong></span> <span class='ocrx_word' id='word_1_228' title='bbox 264 3296 483 3378; x_wconf 79' lang='grc' dir='ltr'><strong><em>πειραθῶμεν</em></strong></span> <span class='ocrx_word' id='word_1_229' title='bbox 501 3293 723 3376; x_wconf 77' lang='grc' dir='ltr'><strong><em>συντριβέντες</em></strong></span> <span class='ocrx_word' id='word_1_230' title='bbox 738 3295 804 3356; x_wconf 90' lang='grc' dir='ltr'><strong><em>τῶν</em></strong></span> <span class='ocrx_word' id='word_1_231' title='bbox 822 3294 971 3374; x_wconf 85' lang='grc' dir='ltr'><strong><em>κρανίων.</em></strong></span> 
     </span>
    </p>

    <p class='ocr_par' dir='ltr' id='par_1_8' title="bbox 108 3384 1145 3687">
     <span class='ocr_line' id='line_1_32' title="bbox 161 3384 1145 3480; baseline -0.01 -15"><span class='ocrx_word' id='word_1_232' title='bbox 161 3406 248 3465; x_wconf 77' lang='lat' dir='ltr'><strong><em>EPM</em></strong></span> <span class='ocrx_word' id='word_1_233' title='bbox 285 3394 418 3480; x_wconf 83' lang='grc' dir='ltr'><strong><em>θάρρει·</em></strong></span> <span class='ocrx_word' id='word_1_234' title='bbox 441 3388 602 3480; x_wconf 82' lang='grc' dir='ltr'><strong><em>ἀσφαλῶς</em></strong></span> <span class='ocrx_word' id='word_1_235' title='bbox 621 3390 686 3472; x_wconf 73' lang='grc' dir='ltr'><strong><em>ἕξει</em></strong></span> <span class='ocrx_word' id='word_1_236' title='bbox 704 3384 849 3458; x_wconf 78' lang='grc' dir='ltr'><strong><em>ἅπαντα.</em></strong></span> <span class='ocrx_word' id='word_1_237' title='bbox 889 3395 1067 3475; x_wconf 90' lang='grc' dir='ltr'><strong><em>μετατίθει</em></strong></span> <span class='ocrx_word' id='word_1_238' title='bbox 1087 3386 1145 3478; x_wconf 80' lang='grc' dir='ltr'><strong><em>την</em></strong></span> 
     </span>
     <span class='ocr_line' id='line_1_33' title="bbox 109 3489 1145 3582; baseline -0.003 -19"><span class='ocrx_word' id='word_1_239' title='bbox 109 3494 224 3581; x_wconf 75' lang='grc' dir='ltr'><strong><em>Οἴτην·</em></strong></span> <span class='ocrx_word' id='word_1_240' title='bbox 255 3492 518 3562; x_wconf 84' lang='grc' dir='ltr'><strong><em>έπικυλινδέσθω</em></strong></span> <span class='ocrx_word' id='word_1_241' title='bbox 537 3491 555 3561; x_wconf 91' lang='lat'><em>5</em></span> <span class='ocrx_word' id='word_1_242' title='bbox 574 3492 759 3582; x_wconf 87' lang='grc' dir='ltr'><strong><em>Παρνασός.</em></strong></span> <span class='ocrx_word' id='word_1_243' title='bbox 804 3489 878 3560; x_wconf 83' lang='grc' dir='ltr'><strong><em>ἰδοὺ</em></strong></span> <span class='ocrx_word' id='word_1_244' title='bbox 906 3491 960 3579; x_wconf 80' lang='grc' dir='ltr'><strong><em>δὴ,</em></strong></span> <span class='ocrx_word' id='word_1_245' title='bbox 990 3490 1145 3575; x_wconf 75' lang='grc' dir='ltr'><strong><em>ἐπάνειμι</em></strong></span> 
     </span>
     <span class='ocr_line' id='line_1_34' title="bbox 108 3587 1023 3687; baseline 0 -23"><span class='ocrx_word' id='word_1_246' title='bbox 108 3587 229 3687; x_wconf 75' lang='grc' dir='ltr'><strong><em>αὖθις·</em></strong></span> <span class='ocrx_word' id='word_1_247' title='bbox 253 3587 288 3664; x_wconf 85' lang='grc' dir='ltr'><strong><em>εύ</em></strong></span> <span class='ocrx_word' id='word_1_248' title='bbox 307 3596 387 3680; x_wconf 70' lang='grc' dir='ltr'><strong><em>ἔχει·</em></strong></span> <span class='ocrx_word' id='word_1_249' title='bbox 408 3596 520 3664; x_wconf 90' lang='grc' dir='ltr'><strong><em>πάντα</em></strong></span> <span class='ocrx_word' id='word_1_250' title='bbox 539 3593 623 3685; x_wconf 83' lang='grc' dir='ltr'><strong><em>δρῶ·</em></strong></span> <span class='ocrx_word' id='word_1_251' title='bbox 647 3592 802 3681; x_wconf 81' lang='grc' dir='ltr'><strong><em>ἀνάβαινε</em></strong></span> <span class='ocrx_word' id='word_1_252' title='bbox 819 3591 881 3684; x_wconf 74' lang='grc' dir='ltr'><strong><em>ἤδη</em></strong></span> <span class='ocrx_word' id='word_1_253' title='bbox 899 3597 955 3662; x_wconf 82' lang='grc' dir='ltr'><strong><em>καὶ</em></strong></span> <span class='ocrx_word' id='word_1_254' title='bbox 972 3594 1023 3664; x_wconf 90' lang='grc' dir='ltr'><strong><em>σύ.</em></strong></span> 
     </span>
    </p>

    <p class='ocr_par' dir='ltr' id='par_1_9' title="bbox 107 3690 1144 3891">
     <span class='ocr_line' id='line_1_35' title="bbox 162 3690 1144 3788; baseline -0.007 -20"><span class='ocrx_word' id='word_1_255' title='bbox 162 3714 248 3775; x_wconf 84' lang='lat' dir='ltr'>XAP.</span> <span class='ocrx_word' id='word_1_256' title='bbox 268 3695 417 3787; x_wconf 57' lang='grc' dir='ltr'><strong><em>,’ί)ρεξυν,</em></strong></span> <span class='ocrx_word' id='word_1_257' title='bbox 437 3690 593 3787; x_wconf 81' lang='grc' dir='ltr'><strong><em>ῶἙρμῆ,</em></strong></span> <span class='ocrx_word' id='word_1_258' title='bbox 611 3697 670 3788; x_wconf 80' lang='grc' dir='ltr'><strong><em>τὴν</em></strong></span> <span class='ocrx_word' id='word_1_259' title='bbox 684 3709 795 3787; x_wconf 79' lang='grc' dir='ltr'><strong><em>χεῖρα·</em></strong></span> <span class='ocrx_word' id='word_1_260' title='bbox 812 3694 857 3767; x_wconf 79' lang='grc' dir='ltr'><strong><em>,ού</em></strong></span> <span class='ocrx_word' id='word_1_261' title='bbox 875 3695 937 3787; x_wconf 82' lang='grc' dir='ltr'><strong><em>γὰρ</em></strong></span> <span class='ocrx_word' id='word_1_262' title='bbox 957 3695 1014 3765; x_wconf 81' lang='grc' dir='ltr'><strong><em>έπί</em></strong></span> <span class='ocrx_word' id='word_1_263' title='bbox 1025 3692 1144 3783; x_wconf 88' lang='grc' dir='ltr'><strong><em>μικράν</em></strong></span> 
     </span>
     <span class='ocr_line' id='line_1_36' title="bbox 107 3798 687 3891; baseline 0.002 -23"><span class='ocrx_word' id='word_1_264' title='bbox 107 3825 153 3888; x_wconf 89' lang='grc' dir='ltr'><strong><em>με</em></strong></span> <span class='ocrx_word' id='word_1_265' title='bbox 169 3801 290 3889; x_wconf 87' lang='grc' dir='ltr'><strong><em>ταύτην</em></strong></span> <span class='ocrx_word' id='word_1_266' title='bbox 307 3800 451 3891; x_wconf 77' lang='grc' dir='ltr'><strong><em>μηχανὴν</em></strong></span> <span class='ocrx_word' id='word_1_267' title='bbox 469 3798 687 3886; x_wconf 83' lang='grc' dir='ltr'><strong><em>ἀναβιβάζεις.</em></strong></span> 
     </span>
    </p>

    <p class='ocr_par' dir='ltr' id='par_1_10' title="bbox 115 3894 1145 3993">
     <span class='ocr_line' id='line_1_37' title="bbox 115 3894 1145 3993; baseline 0.003 -25"><span class='ocrx_word' id='word_1_268' title='bbox 115 3978 119 3985; x_wconf 44' lang='grc'><strong><em>,</em></strong></span> <span class='ocrx_word' id='word_1_269' title='bbox 163 3911 250 3967; x_wconf 84' lang='grc' dir='ltr'><strong>ΕΡΜ.</strong></span> <span class='ocrx_word' id='word_1_270' title='bbox 282 3906 332 3972; x_wconf 77' lang='grc' dir='ltr'><strong><em>Εἴ</em></strong></span> <span class='ocrx_word' id='word_1_271' title='bbox 345 3929 382 3993; x_wconf 91' lang='grc' dir='ltr'><strong><em>γε</em></strong></span> <span class='ocrx_word' id='word_1_272' title='bbox 397 3907 454 3972; x_wconf 83' lang='grc' dir='ltr'><strong><em>καί</em></strong></span> <span class='ocrx_word' id='word_1_273' title='bbox 473 3904 554 3972; x_wconf 83' lang='grc' dir='ltr'><strong><em>ἰδεῖν</em></strong></span> <span class='ocrx_word' id='word_1_274' title='bbox 572 3903 713 3987; x_wconf 70' lang='grc' dir='ltr'><strong><em>ἐθέλεις,</em></strong></span> <span class='ocrx_word' id='word_1_275' title='bbox 735 3894 902 3989; x_wconf 84' lang='grc' dir='ltr'><strong><em>ῶΧάρων,</em></strong></span> <span class='ocrx_word' id='word_1_276' title='bbox 921 3898 1068 3973; x_wconf 74' lang='grc' dir='ltr'><strong><em>ἅπαντα·</em></strong></span> <span class='ocrx_word' id='word_1_277' title='bbox 1086 3897 1145 3971; x_wconf 89' lang='grc' dir='ltr'><strong><em>ούκ</em></strong></span> 
     </span>
    </p>
   </div>
   <div class='ocr_carea' id='block_1_2' title="bbox 109 4000 1144 4107">
    <p class='ocr_par' dir='ltr' id='par_1_11' title="bbox 109 4000 1144 4107">
     <span class='ocr_line' id='line_1_38' title="bbox 109 4000 1144 4107; baseline -0.003 -30"><span class='ocrx_word' id='word_1_278' title='bbox 109 4006 162 4077; x_wconf 56' lang='lat' dir='ltr'><strong><em>&amp;u</em></strong></span> <span class='ocrx_word' id='word_1_279' title='bbox 179 4006 215 4074; x_wconf 75' lang='grc' dir='ltr'><strong><em>δὲ</em></strong></span> <span class='ocrx_word' id='word_1_280' title='bbox 234 4004 351 4096; x_wconf 78' lang='grc' dir='ltr'><strong><em>ἄμφω,</em></strong></span> <span class='ocrx_word' id='word_1_281' title='bbox 378 4011 434 4076; x_wconf 86' lang='grc' dir='ltr'><strong><em>καὶ</em></strong></span> <span class='ocrx_word' id='word_1_282' title='bbox 457 4005 591 4098; x_wconf 78' lang='grc' dir='ltr'><strong><em>ἀσφαλῆ</em></strong></span> <span class='ocrx_word' id='word_1_283' title='bbox 614 4008 670 4074; x_wconf 82' lang='grc' dir='ltr'><strong><em>καὶ</em></strong></span> <span class='ocrx_word' id='word_1_284' title='bbox 691 4006 925 4097; x_wconf 87' lang='grc' dir='ltr'><strong><em>φιλοθεάμονα</em></strong></span> <span class='ocrx_word' id='word_1_285' title='bbox 943 4002 1037 4075; x_wconf 79' lang='grc' dir='ltr'><strong><em>εἶναι.</em></strong></span> <span class='ocrx_word' id='word_1_286' title='bbox 1073 4000 1144 4107; x_wconf 65' lang='grc' dir='ltr'><strong><em>ἀλλί</em></strong></span> 
     </span>
    </p>
   </div>
   <div class='ocr_carea' id='block_1_3' title="bbox 0 0 1380 4632">
    <p class='ocr_par' dir='ltr' id='par_1_12' title="bbox 0 0 1380 4632">
     <span class='ocr_line' id='line_1_39' title="bbox 0 0 1380 4632; baseline 0 0"><span class='ocrx_word' id='word_1_287' title='bbox 0 0 1380 4632; x_wconf 95' lang='lat' dir='ltr'><strong><em> </em></strong></span> 
     </span>
    </p>
   </div>
  </div>
 </body>
</html>
