2740 4648
412 263 508 319 XXH.
534 263 693 319 ΖΕΥΞΙΣ
715 261 800 317 5-9.
1058 248 1122 314 333

98 372 249 465 τῇμητρλ
270 368 540 459 προσιστάμενοι.
578 373 683 434 ταῦτα
705 363 737 434 δ’
753 356 811 435 οὖν
830 364 1077 453 ἐπιδειξάμενος
1100 361 1154 437 δυ

31 488 34 535 ν’
98 478 207 558 Ζεῦξις
229 469 330 552 αῦνός
350 472 409 557 μέν
431 466 515 559 η’ίετο
538 467 709 558 ἐκπλήξειν
734 466 813 548 τοῦς
836 465 981 557 δρῶντας
1002 470 1060 538 ἐπὶ
1080 475 1121 560 τῇ

30 648 32 663 ‚
97 584 195 666 τέχνη,
216 573 250 642 ολ
267 575 304 642 δέ
321 570 438 641 αὐτίκα
454 573 514 657 μὲν
530 571 650 658 ἐβόων
668 569 690 661 ἢ
706 577 741 639 τί
756 569 819 659 γάρ
837 567 877 638 όν
895 569 1123 642 έποίουνκαλ-

30 670 31 673 ¹
98 684 195 804 λίστηι
213 676 363 760 θεάματι
379 674 638 799 έντηγχάνοντεςς
661 673 801 764 ἐπῄνουν
819 674 856 740 δὲ
872 672 1019 756 μάλιστα
1037 677 1123 743 πάν-

97 809 149 864 τες
165 778 252 865 άπερ
269 774 353 863 κάμε
370 778 485 868 πρῴην
503 776 634 858 ἐκεῖνοι,
656 783 714 866 τῆς
732 773 935 855 ἐπινοίας
902 800 941 843 το
961 778 1050 858 ξένον
1066 778 1124 844 καλ

97 883 152 973 τὴν
167 882 298 971 γνώμην
319 885 380 969 τῆς
400 905 530 1003 γραφης
552 877 598 960 ὥς
619 883 692 948 νέαν
711 869 813 947 οὖσαν
835 874 979 959 καὶτοῖς
997 877 1123 964 ἕμπρο-
1223 924 1226 928 -

99 992 178 1056 σθεν
190 982 400 1073 ἠγνοημένην·
418 977 504 1050 ὥστε
518 978 660 1064 δΖεῦξις
673 983 780 1060 συνεὶς
792 974 847 1049 δτι
860 977 979 1062 αὐτοὺς
988 979 1124 1065 άοχολεῖ

98 1085 117 1178 ἦ
142 1085 309 1165 ὑπόθεσις
333 1082 426 1173 καινὴ
454 1108 538 1152 ουσα
559 1080 660 1151 κάλ’
640 1084 767 1171 απάγει
789 1089 848 1172 τῆς
869 1088 992 1169 τέχνης,
1021 1108 1068 1162 ως
1090 1080 1123 1152 δν

98 1194 278 1316 παρέργῳ
271 1190 435 1255 τίθεσθαι
455 1212 513 1275 την
532 1182 701 1273 ἀκρίβειαν
722 1192 788 1255 τῶν
805 1185 1017 1274 πραγμάτων,
1038 1180 1123 1307 “άγε

99 1289 165 1380 δὴ,”
182 1289 255 1378 ἐφη,
268 1279 473 1357 “υλΜικκίων
472 1313 579 1377 προς
587 1314 643 1357 τον
650 1286 815 1377 μαθητην
825 1312 889 1410 περ
892 1284 1098 1375 βαλεηδη
1063 1314 1122 1375 την

98 1393 205 1461 εἰκόνα
221 1393 277 1458 καὶ
294 1387 459 1482 άράμενοι,
470 1386 688 1476 ἀποκομίζετε
702 1380 885 1461 οἴκαδε·
846 1414 939 1457 ουτοι
952 1387 1014 1477 γάρ
1029 1386 1122 1477 ἡμῶν

97 1490 153 1563 τὸν
168 1491 275 1581 πηλὸν
290 1498 350 1583 τῆς
366 1496 477 1582 τέχνης
494 1491 682 1574 ἐπαινοῦσι,
704 1500 771 1561 τῶν
789 1488 832 1575 δ’,
852 1488 904 1582 ἐφ’
916 1487 999 1579 ὅτῳ,
1018 1491 1048 1558 εί
1064 1517 1124 1563 κα·
1220 1528 1222 1531 ’

98 1598 163 1675 λῦς
180 1593 246 1679 ἔχει
262 1597 317 1661 καὶ
332 1592 416 1662 κατὰ
432 1591 491 1682 τὴν
507 1600 628 1682 τέχνην,
648 1592 687 1663 οὗ
701 1594 807 1665 πολὺν
820 1601 996 1664 ποιοῦνται
1014 1595 1120 1682 λόγον,

98 1694 181 1766 άλλδι
198 1698 436 1783 παρευδοκιμεῖ
450 1694 508 1787 τὴν
526 1695 693 1786 ἀκρίβειαν
714 1703 780 1765 τῶν
801 1694 939 1785 ἐ’ργωνὴ
961 1703 1020 1785 τῆς
1037 1694 1125 1765 &ao-

97 1805 225 1879 θέσεως
237 1795 459 1884 καινοτομία3’
484 1797 570 1884 ὁμὲν
584 1790 640 1866 οὖν
649 1801 764 1881 Ζεῦξις
778 1794 891 1880 οὕτως,
907 1798 1122 1890 ὀργιλώτερον
1139 1819 1155 1868 8

96 1902 186 1981 ἰ’σως.
209 1897 370 1985 Ἀντίοχος
386 1902 423 1969 δέ
440 1897 459 1969 δ
478 1900 586 1990 σωτὴρ
602 1901 804 1989 ἐπικληθείς,
822 1904 878 1968 καί
892 1891 987 1981 οὗτος
1006 1898 1123 1986 δμοιόν

95 2030 130 2073 τι
150 2011 275 2093 παθεῖν
296 2006 425 2091 λέγεται
446 2002 479 2071 έν
499 2010 539 2093 τῇ
566 2002 651 2093 πρὸς
672 2003 824 2097 Γαλάτας
848 2004 946 2092 μάχη.
988 2003 1018 2071 εἰ
1042 2005 1123 2088 βοό-

26 2116 31 2135 “
96 2109 207 2188 λεσθε,
225 2104 425 2194 διηγήσομαι
440 2108 495 2174 καὶ
513 2113 620 2188 τοῦτο,
639 2103 759 2175 ὁποῖον
777 2105 911 2194 ἐγένετο.
945 2103 1042 2185 εἶδός
1058 2103 1122 2195 γὰρ
1156 2194 1157 2197 ρ

95 2206 252 2295 διλκίμους
274 2206 370 2289 όντας
394 2212 451 2278 καὶ
475 2211 603 2299 πλήθει
628 2211 848 2295 παμπόλλους
875 2207 960 2297 όρεῦν
986 2213 1042 2276 καὶ
1063 2207 1122 2296 τὴν

95 2311 249 2401 φάλαγγα
274 2319 438 2403 καρτερῶς
464 2327 681 2401 συναραρυῖαν
711 2316 768 2380 καλ
793 2311 851 2399 έπλ
879 2314 1035 2397 μετώπου
1062 2312 1122 2397 μέν

93 2414 362 2502 προασπίζοντας
382 2413 461 2495 τοὺς
479 2416 742 2502 χαλκοθώρακας
760 2412 876 2497 αῦτιῦν,
902 2415 935 2494 ές
956 2415 1067 2499 βάθος
1087 2415 1122 2481 δέ

95 2514 153 2584 ἐπὶ
169 2516 333 2607 τεττάρων
349 2519 405 2585 καὶ
422 2516 527 2587 ε’ίκοσι
544 2524 758 2604 τεταγμένους
776 2513 924 2597 ὁπλίτας,
945 2515 1002 2584 ἐπὶ
1020 2521 1123 2602 κέρως

94 2613 127 2686 δ’
138 2617 342 2709 ἑκατέρωθεν
358 2619 417 2710 τὴν
433 2620 540 2689 ἵππον
558 2622 733 2711 δισμυρίαν
751 2610 861 2700 οὖσαν,
882 2618 917 2687 ἐκ
934 2620 970 2687 δέ
986 2626 1046 2686 τοῦ
1063 2624 1122 2704 μέ-

93 2743 156 2787 σον
182 2719 224 2788 τὰ
255 2717 386 2809 δέρματα
415 2721 665 2811 ἐκπηδήσεσθαι
692 2725 854 2807 μέλλοντα
885 2722 1122 2811 δρεπανηφόρα

93 2818 293 2912 ὀγδοήκοντα
305 2828 361 2893 καλ
374 2826 556 2915 συνωρίδας
569 2823 619 2892 ἐπ’
632 2823 745 2905 αὐτοῖς
760 2826 811 2906 δὶς
823 2825 998 2905 τοσαύτας,
1017 2830 1122 2890 ταῦτα

92 2919 181 3011 δριῦν
198 2926 286 2995 πάνυ
303 2926 451 3016 πονηρὰς
468 2924 533 3013 εἶχε
550 2925 611 3008 τὰς
629 2926 780 3009 ἐλπίδας,
801 2923 847 3007 ὥς
865 2924 1000 3012 άμάχων
1019 2925 1121 2996 όντων

19 3060 20 3065 1
93 3023 233 3107 ἐκείνων
242 3024 346 3113 αότηῖ·
364 3029 484 3110 ἐκεῖνος
499 3028 562 3119 γὰρ
581 3027 622 3099 δι’
635 3028 745 3119 ὀλίγον
758 3036 818 3121 τῆς
830 3036 987 3120 στρατιάς
1001 3030 1122 3119 έκείνης

19 3168 21 3171 -
92 3134 430 3218 παρασκευασθείσης
447 3130 484 3199 οῦ
502 3137 689 3219 μεγαλωστὶ
708 3131 783 3205 οῦδὲ
796 3129 865 3201 κατ’
877 3131 972 3214 άξίαν
984 3140 1044 3202 τοῦ
1057 3158 1123 3200 πο·

90 3231 194 3313 λέμου
214 3225 350 3317 ἄφίκετο
367 3231 486 3319 κομιδῇ
505 3230 636 3319 ὀλίγους
653 3232 750 3322 άγων,
774 3238 830 3301 καὶ
851 3235 977 3302 τούτων
999 3236 1122 3301 πελτα-

90 3328 207 3397 στικὸν
223 3329 262 3398 τὸ
280 3328 365 3400 πολὺ
383 3335 439 3399 καὶ
457 3335 606 3417 ψιλικόν·
628 3335 662 3400 οἱ
677 3342 835 3422 γυμνῆτες
858 3336 894 3403 δέ
911 3331 996 3420 ὑπὲρ
1019 3330 1120 3423 ἥμισυ

89 3437 156 3527 τῆς
174 3439 330 3522 στρατιάς
350 3424 442 3523 ἦσαν.
483 3430 569 3503 ὥστε
592 3434 698 3503 ἐδόκει
720 3433 809 3525 αὐτῷ
831 3431 892 3526 ἤδη
915 3437 1121 3504 σπένδεσθαι

88 3541 150 3602 καί
174 3562 249 3629 τινα
275 3532 426 3628 εὐπρεπῆ
452 3536 603 3609 διάλυσιν
634 3533 847 3626 εὑρίσκεσθαι
876 3544 936 3607 τοῦ
962 3541 1120 3623 πολέμου.

90 3634 178 3704 άλλά
194 3638 355 3720 θεοδότας
374 3636 391 3708 ό
406 3637 536 3722 Ῥόδιος,
556 3637 637 3729 ἀνὴρ
654 3654 800 3729 γενναῖος
816 3643 871 3709 καί
888 3647 1046 3709 τακτικῶν
1064 3640 1121 3725 έμ-
1138 3663 1152 3710 9

88 3763 223 3828 πειρος,
243 3736 372 3817 οῦκ,εἰἀ
388 3739 505 3832 παρεόν
523 3740 681 3828 όιθνμεῖν·
699 3747 755 3813 καὶ
771 3735 854 3832 ἦσαν
871 3742 932 3832 γάρ
952 3743 1120 3811 ἑκκαίδεκα
1237 3746 1240 3749 ’

89 3838 268 3930 ἐλέφαντες
287 3850 336 3933 τῷ
354 3841 516 3933 Ῑίντιόχηι.
559 3846 699 3926 τούτους
725 3844 889 3915 ἐκέλευσεν
916 3845 934 3915 ὅ
960 3845 1122 3926 θεοδότας

88 3947 176 4022 τέως
192 3945 252 4028 μὲν
268 3946 351 4031 ἔχειν
368 3943 415 4027 οἷς
433 3947 504 4016 οἷόν
521 3973 557 4017 τε
573 3949 860 4038 κατακρύψαντας,
885 3947 932 4031 ὥς
951 3947 996 4039 μὴ
1018 3947 1119 4016 κατά-

90 4044 190 4131 δηλοι
212 4043 275 4115 εἷεν
290 4047 568 4140 ὑπερφαινόμενοι
585 4058 646 4121 τοῦ
663 4058 819 4141 στρατοῦ,
844 4050 980 4125 ἐπειδὰν
1002 4053 1039 4121 δέ
1061 4076 1120 4141 σηι
