2722 4646
218 239 270 307 '38
612 246 869 307 ΛΟΥΚΙΑΝΟΥ
959 269 965 283 ⁸

216 356 501 443 μετονομασθείς,
529 349 606 434 τούς
622 352 728 441 μάτην
745 351 919 440 κεχηνότας
935 349 1077 430 ἐκείνους
1095 350 1143 433 εἷς
1157 348 1264 445 άλλή-

226 462 304 539 λους
323 455 575 542 ἀποβλέποντας
596 453 788 523 καταλιπών
811 450 941 542 ἀληθὲς
959 450 1097 541 ἄγοντας
1118 452 1157 523 τὸ
1180 461 1264 523 πέν-

226 569 302 643 θος,
321 559 392 643 οίος
409 556 529 638 αὐτοὺς
548 555 566 625 ὁ
582 559 702 638 θύννος
716 557 751 626 ἐκ
759 565 866 643 μυχοῦ
879 564 938 646 τῆς
951 557 1091 645 σαγήνης
1105 558 1263 646 διέφυγεν

174 685 207 735 κε
227 661 286 731 οὐκ
308 661 417 750 ὀλίγον
438 661 477 747 τὸ
498 663 612 750 δέλεαρ
630 662 812 729 καταπιών.
853 657 872 728 δ
897 662 933 728 δέ
952 659 1105 745 ἐμπεσών
1128 656 1263 747 άθρόος

226 767 273 846 εἰς
287 766 349 850 ἐμὲ
368 762 590 851 ἀπειρόκαλος
606 766 662 830 καλ
677 764 890 850 παχύδερμος
908 758 1104 851 ἅνθρωπος,
1130 762 1179 833 ἐτι
1200 762 1263 852 τήν

215 870 329 957 -πύδην
355 865 527 957 πεφρικώς
552 868 608 935 καὶ
635 867 665 934 εἰ
690 865 821 955 παριών
846 868 1018 950 μαστίξειέ
1043 892 1107 946 τις,
1137 862 1263 956 ὐρθιον

226 969 366 1059 ἐφιστὰς
391 967 429 1039 τὸ
458 960 515 1048 οὐς
541 971 597 1035 καὶ
621 966 679 1037 τὸν
705 972 839 1054 μυλῶνα
866 963 980 1053 ῶσπερ
1006 965 1045 1035 τὸ
1068 964 1263 1055 Ἀνάκτορον

224 1078 417 1162 προσκυνῶν
436 1068 545 1145 οὐκέτι
563 1066 797 1160 φορητόςέοτι
813 1084 884 1150 τοῖς
898 1066 1152 1158 ἐντυγχάνουσιν,
1173 1069 1263 1141 ἀλλὰ

223 1178 304 1256 τούς
318 1200 354 1243 τε
372 1173 569 1262 ἐλευθέρους
585 1171 710 1263 ὑβρίζει
728 1177 783 1241 καὶ
796 1172 872 1253 τοὺς
884 1170 1089 1258 ὁμοδούλους
1102 1186 1265 1262 μαστιγοῖ

122 1296 125 1306 “
224 1276 501 1365 ἀποπειρώμενος
515 1277 549 1343 ἐἰ
566 1278 623 1343 καλ
641 1275 730 1364 αὐτῷ
747 1274 946 1344 τὰτοιαῦτα
965 1276 1102 1359 ἔξεστιν,
1122 1272 1199 1362 άχρι
1218 1273 1262 1345 ἂν

129 1444 134 1453 ,
223 1378 245 1467 ή
268 1379 301 1459 ἐς
322 1380 493 1467 πορνίδιόν
515 1406 549 1447 τι
572 1378 725 1462 ἐμπεσών
746 1375 768 1465 ἢ
792 1378 1020 1468 ἱπποτροφίας
1042 1377 1263 1466 ἐπιθυμήσας

216 1480 245 1571 ἢ
262 1484 376 1567 κόλαξι
394 1480 567 1571 παραδοὺς
583 1480 699 1550 ἑαυτὸν
713 1479 888 1566 ὀμνύουσιν
900 1472 921 1569 ἦ
934 1479 998 1569 μὴν
1011 1479 1261 1570 εὐμορφότερον

222 1587 281 1669 μλν
298 1591 427 1674 Νιρέως
446 1581 530 1652 εἶναι
549 1581 657 1664 αὐτὸν,
679 1581 901 1670 εὐγενέστερον
920 1585 956 1651 δὲ
973 1590 1032 1651 τοῦ
1046 1589 1219 1671 Κέκροπος
1238 1581 1261 1672 ἢ

224 1689 365 1774 Κόδρου,
386 1688 604 1775 συνετώτερον
623 1688 659 1753 δέ
675 1692 735 1752 τοῦ
751 1682 935 1768 Ὀδυσσέως,
955 1689 1203 1774 πλουσιώτερον
1222 1688 1261 1755 δέ

202 1815 205 1822 ·
225 1792 354 1875 συνάμα
371 1796 522 1876 Κροίσων
540 1788 718 1869 ἑκκαίδεκα,
739 1787 771 1855 ἐν
789 1786 906 1878 ἀκαρεῖ
921 1797 980 1857 τοῦ
996 1789 1115 1877 χρόνου
1135 1785 1261 1870 άθλιος

225 1891 314 1980 ἐκχέῃ
333 1892 376 1963 τά
397 1890 464 1960 κατ’
478 1890 586 1978 ὀλίγον
609 1890 644 1957 ἐκ
662 1894 794 1959 πολλῶν
817 1890 995 1981 ἐπιορκιῶν
1017 1894 1074 1959 καὶ
1097 1888 1260 1980 ἁρπαγῶν

223 1998 278 2062 καλ
295 2001 504 2083 πανουργιῶν
523 1996 761 2079 συνειλεγμένα.
973 2051 977 2058 .

81 2178 84 2184 A
163 2119 207 2168 ει
274 2106 361 2165 ΕΡΜ
395 2094 491 2167 Αὐτύ
516 2121 583 2164 που
612 2093 727 2178 σχεδὸν
754 2092 820 2184 φής
845 2093 888 2163 τὰ
913 2097 1101 2183 γιγνόμενα·
1129 2093 1260 2166 δπόταν

95 2200 99 2227 ’
224 2191 322 2267 δὀύν
341 2197 510 2278 αὐτόπους
527 2198 672 2286 βαδίζῃς,
693 2204 767 2277 πῶς
785 2193 871 2265 οὐτω
889 2198 1015 2288 τυφλὸς
1035 2197 1080 2267 ῶν
1094 2197 1259 2289 εὑρίσκεις

222 2300 280 2390 τήν
307 2299 402 2384 ὁδόν,·
428 2299 450 2388 ή
477 2307 551 2379 πῶς
578 2300 824 2386 διαγιγνώσκεις
850 2299 901 2390 ἐφ’
922 2301 979 2381 οὓς
1007 2299 1045 2370 όν
1072 2327 1110 2372 σε
1133 2300 1151 2371 δ
1174 2301 1259 2383 Ζεὺς

224 2401 405 2492 ἀποστείλῃ
423 2410 535 2492 κρίνας
553 2399 637 2471 εἶναι
654 2409 713 2470 τοῦ
731 2405 887 2471 πλουτεῖν
906 2401 1036 2489 ἆξίδυςς

273 2513 411 2569 ΠΛΟΥΤ.
453 2506 522 2573 θἰἐι
543 2502 790 2596 γὰρ-εὑρίσκειν
810 2532 853 2590 με
876 2507 994 2588 οἵτινές
1017 2509 1101 2591 είσι,·
1127 2505 1176 2593 μὰ
1199 2505 1260 2576 τὸν

223 2615 288 2677 Δία
307 2606 344 2677 οὐ
363 2608 466 2679 πάνυ·
486 2605 523 2676 οὐ
541 2606 603 2697 γὰρ
618 2605 658 2675 δν
668 2606 866 2697 Ἀριστείδην
878 2609 1069 2678 καταλιπών
1080 2608 1258 2698 Ἱππονίκῳ

222 2716 278 2780 καί
294 2714 423 2806 Ιζαλλίᾳ
440 2712 599 2799 προσῄειν
616 2715 672 2779 καὶ
689 2714 828 2792 πολλοῖς
851 2707 962 2791 ἄλλοις
976 2710 1160 2801 Ἀθηναίων
1179 2709 1259 2781 οὐδὲ

223 2812 344 2900 ὀβολοῦ
364 2811 480 2894 ἀξίοις.
1000 2834 1004 2847 “

273 2921 360 2998 EPM·
395 2914 484 3001 Πλὴν
503 2911 587 2982 ἀλλὰ
604 2920 639 2982 τί
656 2916 816 3005 πράττεις
833 2925 1108 3008 καταπεμφθείςς

273 3024 410 3079 ΠΑΟΥΤ.
441 3015 520 3085 Ἄνευ
543 3020 598 3086 καὶ
619 3018 709 3084 κάτιο
732 3021 909 3102 πλανῶμαι
930 3012 1160 3108 περινοστῶν,
1178 3018 1257 3111 άχρι

221 3117 263 3188 ἂν
283 3120 381 3189 λάθω
399 3123 463 3188 τινλ
481 3119 650 3204 ἐμπεσών·
670 3117 688 3187 ό
709 3121 753 3201 δὲ,
774 3116 866 3201 ὅστις
879 3117 919 3187 ἂν
933 3124 1068 3210 πρῶτός
1081 3149 1141 3210 μοι
1159 3149 1258 3210 περι-

156 3262 183 3291 .-
221 3224 315 3312 τύχῃ,
344 3220 526 3310 ἀπαγαγών
543 3220 622 3312 παρ’
639 3219 738 3291 αὐτὸν
757 3222 836 3306 ἔχει,
867 3225 904 3290 οέ
925 3222 982 3292 τὸν
997 3222 1113 3316 Ἑρμῆν
1131 3225 1190 3297 ἐπὶ
1205 3233 1256 3315 τῷ
1353 3230 1354 3307 ᾖ

210 3326 401 3414 ’παραλόγῳ
421 3332 478 3393 τοῦ
498 3327 632 3411 κέρδους
649 3330 852 3412 προσκυνῶν,

171 3445 204 3496 25
270 3437 357 3492 EPM
385 3425 506 3497 Οὐκοῦν
516 3425 999 3515 ἐξηπάτηταιδΖεύςοίόμενός
1008 3429 1136 3498 σεκατὰ
1145 3428 1183 3500 τὸ
1195 3428 1257 3503 αὐ-

220 3539 268 3622 τῷ
282 3535 397 3601 δοκοῦν
406 3530 592 3611 πλουτίζειν
602 3528 702 3609 ὅσους
715 3527 754 3599 ἂν
769 3531 879 3618 οἴηται
888 3539 945 3601 τοῦ
959 3536 1114 3601 πλουτεῖν
1124 3529 1236 3617 ἀξίους
1241 3563 1254 3618 ,·

271 3636 409 3690 ΠΛΟΥΤ·
444 3635 511 3700 Καὶ
523 3633 614 3718 μάλα
627 3634 773 3713 δικαίως,
794 3624 918 3722 ὦγαθὲ,
939 3631 976 3714 ὐς
988 3661 1024 3723 γε
1038 3633 1164 3726 τυφλὸν
1173 3633 1254 3705 ὐνεα

220 3729 319 3810 είδῶς
337 3731 484 3814 ἔπεμπεν
502 3731 745 3822 ἀναζητήσοντα
764 3737 956 3828 δυσεύρετον
975 3734 1062 3805 οὐτιο
1074 3745 1183 3827 χρῆμα
1196 3742 1254 3811 καλ

221 3833 289 3925 πρὸ
307 3836 433 3902 πολλοῦ
452 3833 642 3917 ἐκλελοιπὸς
660 3836 695 3904 ἐκ
707 3845 766 3905 τοῦ
778 3844 864 3924 βίον,
885 3835 970 3927 ὅπερ
985 3837 1056 3908 οὐδ’
1072 3837 1253 3929 ὁΛυγκεύς

220 3934 261 4006 ἂν
270 3937 395 4026 ἐξεύροι
404 3939 535 4028 ῥᾳδίως,
556 3936 704 4029 ἅμαυρὸν
713 3936 799 4008 οὕτω
809 3943 863 4008 καλ
876 3939 992 4029 μικρὸν
1003 3939 1049 4010 όν.
1076 3949 1253 4033 τοιγαροῦν

108 4076 113 4095 ι
220 4035 279 4111 δίτε
296 4046 361 4107 τῶν
377 4040 436 4126 μὲν
454 4038 592 4131 ἀγαθῶν
611 4038 727 4131 ὀλίγον
740 4040 851 4128 όντων,
871 4051 1023 4134 πονηρῶν
1037 4046 1074 4113 δὲ
1085 4048 1253 4117 πλείστων
