2724 4634
229 242 278 308 68
617 254 873 311 ΛΟΥΚΙΑΝΟΥ

235 359 398 452 φιλήματι
418 361 474 426 καί
495 365 542 448 τηῦ
563 363 710 448 νέκταρι,·
743 355 782 447 ἢν
803 366 880 447 χοῦν
903 358 1074 450 ἐπιτρέψω
1098 355 1188 449 αύτῷ
1210 359 1274 430 κάν

236 459 330 544 άπαξ
353 464 495 551 φιλῆσαί
520 485 570 544 σε,
600 458 708 529 σῦκέτι
728 466 845 552 μέμψῃ
865 486 927 547 μοι
947 461 1188 552 προτιμότερον
1208 469 1272 532 τοῦ

235 570 389 655 νέκταρος
407 565 546 652 οἰομένῳ
564 562 603 632 τὸ
623 566 752 653 φίλημα
770 560 864 633 είναι.
1253 562 1256 567 ’

288 677 372 732 ΗΡΑ.
416 670 651 757 Παιδεραστῶν
683 659 777 735 οῦτοι
808 669 911 756 λόχοι.
957 667 1020 759 έχδν
1047 670 1084 739 δέ
1108 668 1154 760 μή
1182 665 1273 739 οῦτω

234 777 382 861 μανείην,
411 769 456 853 ὥς
477 769 519 840 τά
538 774 629 859 χείλη
652 784 879 861 προσενεγκεῖν
901 778 948 861 τῷ
968 772 1135 862 μαλθακῷ
1160 773 1274 863 τούτῳ

238 876 340 963 Φρυγὶ
359 870 465 956 ούτως
482 873 765 963 έκτεθηλυμμένῳ.
890 940 892 951 ,

286 985 389 1041 ΖΕΥΣ.
429 977 482 1067 Μή
505 1003 565 1063 μοι
587 978 756 1065 λοιδοροῦ,
789 966 1063 1066 ύχενναιοτάτη,
1094 989 1167 1058 τοῖς
1187 1003 1276 1049 παι-

235 1080 354 1160 δικοῖς’
381 1077 496 1148 οῦτοσὶ
512 1078 574 1168 γάρ
593 1077 610 1148 δ
630 1080 826 1169 θηλυδρίας,
855 1076 1072 1169 ῦβάρβαρος,
1097 1075 1276 1165 δμαλθα-

234 1180 304 1264 κὸς,
333 1178 434 1270 ήδίων
456 1185 512 1249 καὶ
532 1183 771 1271 ποθεινότερος
788 1221 831 1232 -
850 1178 887 1250 οῦ
909 1182 1082 1269 βούλομαι
1096 1181 1133 1250 δέ
1150 1182 1272 1266 εἰπεῖν,

233 1283 278 1373 μή
299 1309 336 1351 σε
353 1286 528 1374 παροξύνω
547 1283 605 1354 ἐπὶ
622 1288 734 1353 πλέον.

199 1411 217 1458 4
286 1392 368 1448 HPA·
403 1388 493 1456 Ε’ίθε
514 1390 571 1456 καὶ
591 1387 774 1477 γαμήσειας
796 1383 894 1455 αῦτδν
916 1384 997 1472 ἐμοῦ
1018 1410 1055 1475 χε
1077 1386 1183 1455 ἕνεκα·
1210 1394 1274 1475 μέ-

232 1513 338 1577 μνησο
356 1497 434 1577 γοῦν
453 1489 509 1558 σίά
526 1515 586 1576 μοι
604 1488 661 1558 διδι
678 1488 735 1559 τὸν
754 1489 901 1574 οἰνοχόον
914 1495 1032 1559 τοῦτον
1045 1488 1272 1577 ἐμπαροινεῖς.

285 1599 388 1654 ΖΕΥΣ.
437 1589 514 1677 Ούκ,
543 1589 627 1661 ἀλλά
651 1591 709 1662 τὸν
726 1588 909 1682 Ἥφαιστον
934 1592 1003 1660 έδει
1027 1591 1085 1662 τόν
1111 1591 1170 1661 σὸν
1194 1594 1272 1663 υίδν

235 1694 393 1778 οἰνοχοεῖν
419 1691 498 1784 ήμῖν
521 1696 720 1780 χωλεύοντα,
749 1694 784 1764 δκ
808 1701 867 1784 τῆς
892 1700 1029 1781 καμίνου
1056 1691 1191 1784 ήκοντα,
1220 1698 1272 1768 έτι

232 1803 299 1865 τῶν
317 1800 513 1888 σπινθήρων
531 1796 713 1881 ἀνάπλεων,
733 1794 810 1885 ἀρτι
825 1795 883 1887 τήν
896 1798 1067 1886 πυράγραν
1085 1795 1272 1869 ἀποτεθει-

231 1905 341 1986 μένον,
368 1904 424 1968 καὶ
446 1898 504 1971 ἀπ’
530 1901 658 1970 ἐκείνων
685 1898 787 1969 αὐτοῦ
808 1907 874 1968 τῶν
902 1901 1067 1970 δακτύλων
1089 1902 1287 1987 λαμβάνεινΙ

231 2000 319 2090 ἡμᾶς
335 2002 392 2092 τὴν
410 2004 524 2073 κύλικα
541 2007 596 2073 καὶ
614 2003 906 2089 ἐπισπασαμένους
922 2027 958 2090 χε
976 2007 1116 2094 φιλήσοι
1132 2002 1268 2089 μεταξύ,

234 2105 270 2173 δν
289 2102 358 2173 οῦδ
375 2104 414 2175 ἀν
431 2104 451 2197 ή
469 2107 575 2196 μήτηρ
595 2104 633 2174 σὺ
651 2103 757 2194 ήδέως
774 2107 948 2196 φιλήσειας
964 2104 1031 2175 ῦπδ
1048 2113 1107 2194 τῆς
1120 2103 1268 2192 ἀσβόλου
1355 2120 1356 2163 ἰ

231 2211 509 2296 κατῃθαλωμένον
526 2207 564 2277 τό
583 2209 778 2296 πρόσωπον.
813 2206 897 2297 ἡδίω
914 2216 1035 2278 ταῦτα·
1055 2207 1093 2277 οῦ
1110 2210 1191 2298 χάρ,·
1212 2212 1270 2281 καί
1315 2216 1319 2223 ’

231 2308 326 2398 παρὰ
351 2307 437 2377 πολὺ
465 2307 483 2377 δ
512 2310 659 2394 οἰνοχόος
685 2310 807 2391 ἐκεῖνος
833 2310 997 2402 έμπρέπει
1017 2317 1065 2399 τῷ
1088 2319 1267 2401 συμποσίῳ

230 2417 297 2478 τῶν
314 2418 419 2495 θεῶν,
447 2408 465 2479 δ
483 2413 677 2502 Γανυμήδης
700 2414 736 2482 δὲ
758 2419 1011 2499 καταπεμπτέος
1033 2405 1135 2495 αὖθις
1157 2413 1191 2494 ές
1207 2413 1268 2505 τὴν

224 2511 324 2602 Ἴδην·
351 2515 532 2604 καθάρειος
553 2514 614 2606 χάρ
632 2520 689 2583 καλ
705 2512 945 2607 ῥοδοδάκτυλος
966 2519 1021 2584 καὶ
1039 2515 1268 2601 ἐπισταμένως
1296 2548 1300 2555 ·

232 2614 340 2705 ῦρέχει
364 2615 403 2685 τὸ
432 2617 584 2704 ἐ’κπωμα,
611 2622 668 2687 καὶ
691 2615 710 2686 ό
737 2643 773 2689 σε
795 2622 896 2688 λυπεῖ
914 2619 1073 2704 μάλιστα,
1100 2622 1155 2686 καί
1174 2623 1269 2709 φιλεῖ

230 2715 324 2808 ήδιον
341 2727 401 2788 τοῦ
418 2725 581 2809 νέκταρος.

186 2840 215 2892 ἐ
283 2829 367 2884 HPA·
410 2830 480 2891 Νῦν
503 2827 562 2903 καί
585 2822 706 2908 χωλός,
739 2815 870 2906 ιῦΖεῦ,
899 2820 1124 2913 ῦἮφαιστος
1149 2827 1206 2893 καί
1232 2825 1266 2893 οἱ

231 2923 387 2993 δάκτυλοι
417 2922 518 2995 αῦτοῦ
550 2923 681 3009 ἀνάξιοι
709 2932 766 3016 τῆς
793 2933 852 3015 σῆς
876 2926 1006 3008 κύλικος
1035 2929 1090 2994 καὶ
1117 2924 1263 3013 ἀσβόλου

228 3027 351 3111 μεστός
370 3025 454 3110 έστι,
477 3031 533 3096 καί
549 3036 685 3119 ναυτιᾷς
703 3026 788 3116 δριῦν
806 3026 918 3111 αὐτὸν,
943 3027 979 3111 έξ
996 3023 1073 3097 ότου
1091 3026 1148 3097 τὸν
1165 3028 1265 3097 καλὸν

228 3128 372 3219 κομήτην
397 3138 512 3200 τοῦτον
538 3127 645 3221 ήἿδη
673 3129 857 3219 ἀνέθρεψε·
888 3130 997 3199 πάλαι
1019 3132 1055 3199 δὲ
1077 3127 1134 3214 ούχ
1156 3129 1264 3221 ἑώρας

229 3238 348 3313 ταῦτα,
377 3229 448 3301 εὗδ’
465 3233 498 3303 σί
515 3241 701 3323 σπινθῆρες
723 3231 801 3302 οῦδὲ
822 3230 842 3323 ή
860 3236 997 3318 κάμινος
1018 3229 1209 3322 ἀπέτρεπόν
1226 3259 1264 3305 σε

228 3334 274 3425 μή
294 3332 366 3418 ούχὶ
383 3342 491 3405 πίνειν
508 3333 586 3427 παρ’
604 3334 715 3404 αύτοῦ.

280 3445 383 3500 ΖΕΥΣ.
423 3450 564 3520 Λυπεῖς,
590 3431 724 3526 ὦῗΗρο,
749 3435 901 3527 σεαυτήν,
929 3434 1024 3509 οῦδὲν
1043 3435 1138 3521 ἀλλο,
1160 3435 1262 3524 κάμοί

229 3535 404 3621 ἐπιτείνεις
432 3537 490 3608 τὸν
516 3540 622 3628 έρωτα
649 3541 897 3630 ζηλοτυποῦσα·
931 3540 963 3608 εί
988 3541 1025 3610 δέ
1051 3538 1141 3630 ἀχθη
1168 3539 1261 3630 παρδι

228 3641 352 3722 παιδὸς
370 3639 494 3733 ιῦραίου
518 3645 672 3732 δεχομένη
693 3641 732 3711 τὸ
751 3641 902 3729 ἐ’κπωμα,
931 3645 985 3711 σοί
1006 3644 1067 3727 μὲν
1084 3639 1103 3711 ό
1122 3641 1195 3724 υίὸς
1213 3643 1262 3711 σί-

227 3750 396 3827 νοχσείτω,
421 3743 461 3813 σὺ
481 3747 531 3827 δὲ,
555 3737 582 3813 ὦ
602 3746 803 3834 Γανύμηδες,
827 3745 901 3832 ἐμοὶ
917 3745 1009 3833 μόνῳ
1029 3743 1187 3813 ἀναδίδου
1204 3744 1261 3832 τήν

227 3847 342 3914 κύλικα
358 3849 414 3915 καὶ
432 3845 483 3937 ἐφ’
500 3847 619 3938 ἑκάστη
637 3850 688 3928 δὶς
706 3852 797 3939 φίλει
813 3872 855 3934 με
872 3851 928 3915 καὶ
942 3844 998 3916 ότε
1010 3848 1119 3936 πλήρη
1134 3843 1260 3936 όρέχσις

227 3939 311 4036 κᾷτα
335 3940 436 4028 αῦθις
458 3948 561 4020 όπότε
583 3949 661 4042 παρ’
682 3949 763 4036 έμοῦ
786 3948 1046 4036 ἀπολαμβάνοις.
1086 3956 1122 4018 τί
1145 3954 1260 4027 τοῦτος

229 4049 380 4142 δακρύεις
384 4081 396 4136 ,·
404 4051 449 4142 μή
460 4053 588 4123 δέδιθι·
600 4054 779 4141 οἰμώξεται
785 4051 857 4147 γὰρ,
868 4048 906 4142 ήν
914 4059 966 4133 τίς
974 4077 1012 4122 σε
1021 4056 1137 4122 λυπεῖν
1146 4049 1257 4151 έθέλη.
