2752 4632
238 209 305 281 210
618 216 876 277 ΔΟΥΚῙΑΝΟΥ.
892 270 894 277 .

240 323 421 407 ἰδιωτικὸν,
449 320 588 413 ὀργίλων
608 329 705 392 τινάν
728 319 997 411 ἀνθρώπωνκαὶ
1021 319 1060 389 τὸ
1084 323 1212 393 δίκαιον
1233 320 1264 389 ἐν

189 522 191 525 ι
238 435 279 521 τῇ
295 432 383 519 χειρὶ
398 432 592 512 τιθεμένων.
626 427 812 512 παρέξομεν
834 415 891 495 οὖν
908 420 1066 513 ἀφορμὰς
1084 437 1158 506 τοῖς
1172 450 1267 514 κάκη.

237 544 346 620 γορεῑν
369 529 525 599 ἐθέλουσι
546 528 802 608 καταλεύσαντες
826 523 930 616 ἀνδρα
950 527 1034 616 μηδέ
1059 523 1269 617 ἀπολογησά-

236 658 334 720 μενον
355 630 440 720 ὖπέρ
464 630 596 714 ἑαυτοῦ,
623 633 804 699 καὶταῦτα
826 629 1017 719 δικαιοσύνῃ
1031 635 1157 718 χαίρεω
1176 626 1268 703 αύτολ

237 738 394 823 λέγοντες.
434 732 455 823 ἢ
477 739 511 802 τί
537 730 577 802 ἀν
602 734 754 821 εἴποιμεν
776 729 906 805 Ἀνύτου
930 736 1013 820 πέρι
1032 734 1089 800 καὶ
1108 732 1271 820 Μελήτου,

237 844 304 911 τῶν
323 836 403 922 ἐμοῦ
420 836 724 926 κατηγορησάντων,
747 832 852 925 ἢτιῦν
868 833 945 907 τότε
962 836 1138 918 δικαστῶν,
1166 835 1196 907 εἰ
1214 827 1274 905 οὗ,

238 966 296 1022 τος
312 940 507 1031 τεθνήξεται
523 940 607 1028 μηδέ
623 938 662 1007 τὸ
680 938 841 1028 παροίνιον
858 932 979 1018 ὕδατος
995 938 1207 1022 μεταλαβάνς

287 1059 400 1115 ΠΔΑΤ.
430 1040 562 1132 Ἄριοτα
583 1055 770 1132 παραινεῖς,
798 1032 1029 1130 ὦΣάκρατες·
1057 1035 1142 1109 ὥστε
1161 1036 1270 1111 ἀπίω·

236 1172 296 1234 μεν
314 1146 372 1215 ἐπὶ
389 1144 447 1234 τὴν
467 1147 685 1234 Φιλοσοφίαν·
708 1142 729 1233 ἡ
749 1145 785 1213 δέ
803 1144 982 1226 δικασάτω,
1005 1146 1061 1211 καὶ
1077 1139 1172 1232 ἡμεῖς
1190 1139 1270 1232 ἀγα·

236 1248 387 1339 πήσομεν
406 1245 457 1327 οἷς
474 1244 514 1314 ἀν
533 1245 635 1335 ἐκείνη
654 1249 786 1335 διαγνῷ.

187 1373 218 1421 11
288 1365 400 1423 AorK
434 1341 485 1417 Εὖ
502 1373 552 1437 γε,
572 1340 823 1440 ὦοοφιύτατοι,
843 1346 965 1435 ἀμείνω
983 1349 1160 1419 ταῦτακαὶ
1177 1372 1270 1432 νομω

236 1452 380 1541 μάτερα.
406 1450 484 1532 τοὺς
500 1457 613 1537 μέντοι
630 1453 750 1532 λίθους
767 1454 961 1542 φυλάττετε,
980 1449 1027 1531 ιῦς
1045 1451 1140 1541 ἐφην·
1160 1450 1270 1538 δεήσει

235 1553 298 1645 γάρ
321 1551 429 1622 αύτιῦν
449 1551 565 1643 μικρὸν
586 1549 722 1640 ὕστερον
745 1553 778 1622 ἐν
798 1562 846 1644 τῷ
870 1557 1079 1643 δικαστηρίῳ.
1122 1559 1190 1620 ποῦ
1210 1550 1269 1640 τὴν

239 1660 444 1747 Φιλοσοφίαν
462 1653 554 1746 εύροι
570 1682 621 1737 τις
639 1653 694 1740 ἀν,·
713 1654 751 1724 οῦ
768 1655 830 1745 γάρ
849 1655 926 1749 οἶδα
944 1657 1027 1727 ἐνθα
1045 1655 1143 1724 οἰκεῖ·
1162 1660 1271 1725 καίτοι

235 1759 324 1829 πάνυ
343 1758 448 1829 πολύν
471 1758 662 1848 ἐπλανήθην
680 1760 797 1848 χρόνον
819 1757 984 1849 ἀναζητῶν
1002 1757 1060 1849 τὴν
1076 1759 1197 1839 οἰκίαν,
1222 1754 1270 1838 ὥς

237 1868 448 1952 συγγενοίμην
458 1858 555 1952 αὕτη·
569 1859 641 1930 εἶτα
655 1861 851 1950 ἐντυγχάνων
865 1861 905 1930 άν
917 1887 987 1931 τισι
999 1861 1159 1951 τριβώνια
1172 1885 1271 1944 περι-

234 1969 449 2053 βεβλημένοις
466 1967 521 2032 καὶ
538 1964 703 2051 πώγωνας
717 1971 840 2050 βαθεῖς
850 1969 1061 2050 καθειμένοις
1074 1961 1152 2050 παρ’
1169 1959 1272 2050 αὐτῆς

236 2067 358 2155 ἐκείνης
374 2063 464 2156 ήκειν
482 2067 676 2158 φάσκουσιν,
697 2067 847 2152 οἰόμενος
864 2068 986 2136 εἰδέναι
1004 2065 1124 2146 αύτούς
1142 2062 1271 2153 ἀνηρώ-
1358 2068 1359 2073 ’

234 2190 316 2239 των·
344 2170 377 2237 οἱ
403 2171 440 2237 δέ
465 2167 552 2237 πολὺ
574 2171 698 2254 μᾶλλον
721 2167 800 2255 ἐμοῦ
828 2167 1017 2258 ἀγνοοῦντες
1042 2167 1064 2257 ἢ
1090 2165 1162 2237 οῦδ
1183 2163 1272 2247 ὅλως

236 2268 450 2361 ἀπεκρίνοντό
468 2296 540 2355 μοι,
566 2268 611 2352 ὥς
627 2269 671 2360 μὴ
692 2271 871 2360 ἐλέγχοιντο
889 2271 948 2340 οῦκ
967 2271 1104 2352 εἰδότες,
1128 2267 1150 2359 ἢ
1167 2265 1270 2357 ἀλλην

235 2373 345 2459 θύραν
363 2369 429 2441 ἀντ’
445 2370 545 2463 ἀλλης
563 2370 784 2443 ἀπεδείκνυον.
812 2371 945 2444 οάδέπω
962 2380 1040 2462 γοῦν
1057 2375 1113 2441 καὶ
1129 2373 1272 2461 τήμερον

185 2496 216 2546 12
236 2473 376 2564 ἐξευρεῖν
391 2476 568 2565 δεδύνημαι
580 2474 637 2565 τήν
652 2477 767 2545 οἰκίαν.
785 2478 959 2558 ’πολλάκις
971 2479 1010 2546 δέ
1022 2473 1122 2555 οάτὸς
1134 2473 1270 2554 εἰκάσας
1358 2548 1359 2569 ρ

234 2574 256 2665 ἢ
279 2578 514 2666 ξεναγήσαντός
534 2604 623 2660 τινος
643 2569 721 2668 ἧκον
743 2577 783 2648 ἀν
806 2579 865 2649 ἐπί
883 2606 977 2659 τινας
998 2580 1107 2668 θύρας
1123 2581 1271 2665 βεβαίως
1358 2632 1359 2645 .

236 2677 376 2760 ἐλπίσας
391 2680 467 2748 τότε
488 2686 566 2768 γοῦν
587 2677 775 2768 ηῦρηκέυαι,
802 2681 1057 2772 τεκμαιρόμενος
1072 2686 1120 2768 τῷ
1140 2680 1271 2767 πλήθει
1358 2718 1359 2773 3

234 2788 300 2849 τιῦυ
318 2782 487 2853 εἰσιόντων
503 2808 541 2851 τε
557 2786 613 2850 καὶ
631 2781 796 2867 ἐξιόντων,
816 2781 972 2852 ἁπάντων
990 2787 1201 2872 σκυθρωπῶν
1213 2783 1273 2849 καλ

233 2882 277 2950 τὰ
300 2884 450 2973 σχήματα
473 2881 638 2959 εόσταλῶν
659 2887 716 2952 καί
742 2892 980 2976 φροντιστινκῦν
1000 2883 1059 2973 τήν
1080 2884 1271 2972 πρόσοψιν·
1358 2896 1359 2923 ³

233 2985 318 3071 μετά
339 2987 464 3055 τούτων
487 2978 544 3059 οῦν
566 2990 867 3076 συμπαραβυσθεὶς
892 2991 949 3057 καὶ
973 2986 1074 3068 αύτὸς
1098 2988 1271 3076 εἰσῆλθον.

235 3085 308 3181 εἶτα
326 3088 438 3178 ἐώρων
454 3090 587 3178 γύναιόν
603 3116 639 3161 τι
656 3086 715 3175 οῦχ
733 3085 906 3175 ἁπλοϊκὸν,
931 3092 962 3160 εἰ
977 3094 1034 3159 καὶ
1052 3086 1105 3160 ότι
1121 3090 1272 3175 μάλιστα

235 3189 268 3270 ἐς
294 3188 332 3259 τὸ
360 3188 480 3282 ἀφελὲς
505 3195 561 3259 καὶ
588 3189 772 3280 ἀκόσμητον
799 3192 915 3282 ἑαυτὴν
941 3192 1151 3285 ἐρρύθμιζεν,
1183 3188 1277 3259 ἀλλὰ

233 3294 400 3384 κατεφάνη
426 3321 486 3380 μοι
513 3290 629 3365 αότίκα
652 3291 729 3364 ούδέ
748 3294 789 3369 τὸ
812 3292 925 3366 ἀνετον
947 3299 1064 3366 δοκοῦν
1084 3302 1143 3384 τῆς
1164 3294 1274 3382 κόμης

234 3392 486 3467 ἀκαλλώπιστον
504 3396 594 3467 έιῦσα
613 3394 688 3469 οῦδὲ
705 3405 765 3467 τοῦ
784 3398 915 3484 ἱματίου
932 3398 990 3487 τὴν
1013 3394 1175 3486 ἀναβολήν
1194 3393 1275 3464 ἀνα·

146 3506 148 3517 ’
178 3547 180 3551 ψ
232 3499 439 3588 πιτηδεύτως
456 3503 731 3586 περιστέλλουσα·
758 3501 926 3590 πρόδηλος
947 3502 984 3570 δέ
1003 3492 1045 3589 ἦν
1060 3504 1275 3590 κοσμουμένη

214 3598 348 3683 ,αύτοίς
372 3605 432 3671 καὶ
453 3602 540 3689 πρὸς
566 3599 765 3691 εύπρέπειαν
790 3611 838 3693 τῷ
865 3602 1088 3694 ἀθεραπεύτῳ
1116 3604 1215 3671 dono*
1237 3628 1275 3670 τι

231 3711 479 3794 προσχρωμένη.
504 3702 707 3795 ἀπεφαίνετο
726 3707 763 3775 δέ
777 3732 813 3775 τι
829 3710 885 3776 καί
901 3707 1071 3795 ψιμύθιον
1088 3708 1145 3774 καὶ
1162 3628 1279 3795 φῦῖος

230 3809 287 3875 καί
303 3806 346 3873 τὰ
363 3807 493 3901 ῥήματα
509 3808 620 3879 πάντα
637 3808 800 3897 ἑταιρικά·
818 3813 873 3878 καί
886 3808 1104 3898 ἐπαινουμένη
1118 3803 1187 3877 ἀπὸ
1200 3812 1277 3876 τιῦν

231 3907 379 3997 ἐραστῶν
405 3910 439 3991 ἐς
464 3912 584 3992 κάλλος
609 3910 731 4002 ἐχαιρε,
758 3915 814 3979 καὶ
840 3911 871 3981 εί
892 3913 966 4000 δοίη
988 3936 1052 3994 τις,
1080 3913 1280 4000 προχείρως

232 4008 374 4096 ἐδέχετο,
409 4013 567 4097 καὶτοὺς
596 4017 862 4103 πλουσιωτέρους
892 4011 931 4083 ἀν
962 4017 1278 4106 παρακαθισαμένη
