2722 4646
433 288 457 343 1.
478 287 704 344 ENrnNION
721 288 807 343 3-9.
1116 279 1139 347 ὅ

93 405 189 482 χεῖρε
207 392 315 471 τύλων
334 387 520 473 ἀνάπλεως,
545 392 741 480 διεζωσμένη
759 391 817 481 τὴν
836 392 977 483 ἐσθῆτα,
1004 395 1137 464 τιτάνου

94 500 348 583 καταγέμουσα,
378 485 485 574 οίος
465 520 503 583 ην
521 488 540 561 5
558 500 669 574 θεῖος,
697 491 802 563 ὁπότε
824 498 893 577 ξέοι
909 495 986 577 τοδς
1004 500 1136 579 λίθους

92 625 114 688 η
101 594 238 688 ’ἑτέρα
257 597 294 664 δέ
310 593 453 682 μάλα’
419 595 641 685 ευπρόσωπος
657 598 713 663 καὶ
729 595 767 665 τὸ
781 602 889 685 σχῆμα
902 596 1070 690 εὐπρεπὴς
1082 605 1138 670 καὶ

92 701 243 826 κόσμιος
258 697 316 788 τὴν
335 696 507 787 ἀναβολήν.
543 702 636 778 τέλος
658 696 689 766 δ’
705 689 762 767 οὖν
779 698 898 788 ἐφιᾶσί
917 726 977 785 μοι
996 703 1136 785 δικάζειν

93 799 251 891 όποτέρρ
267 804 384 887 βουλαί
383 828 446 890 μην
460 813 604 870 συνεῖναι
617 799 735 870 αὐτῶν.
771 807 917 889 προτέρα
932 800 1000 891 δέὴ
1015 804 1137 892 σκληρὰ
1210 856 1217 869 .
1347 846 1350 853 ·

92 903 204 992 έκείνη
219 929 262 970 κα
264 901 458 992 λάνδρώδης
472 900 655 986 έλεξεν·“έ
655 901 811 994 γαληνίλε
822 917 896 986 παῖ,
916 903 1170 997 ἑρμογλνφικὴν

93 1012 193 1096 τέχνη
217 1005 346 1092 είμί,ί
328 1033 367 1094 ην
381 1008 466 1091 χθές
485 1003 574 1096 ,η’ρξω
596 1008 791 1091 μανθάνειν,
820 1007 925 1076 οἰκεία
946 1013 983 1076 τέ
1005 1032 1060 1076 σοι
1081 1011 1137 1077 καλ

94 1107 258 1198 συγγενὴς
276 1108 425 1177 οἴκοθεν
449 1103 469 1176 δ’
485 1133 523 1177 τε
539 1107 602 1197 γὰρ
616 1110 760 1190 πάππος
778 1134 837 1178 σου
847 1111 1043 1179 -ειποόσα
1059 1107 1137 1178 τεό-

93 1237 185 1299 νομα
203 1217 266 1279 τοῦ
282 1211 588 1299 μητροπάτορος-
599 1212 759 1293 λιθοξόος
775 1203 814 1301 ἦν
829 1216 885 1280 καί
901 1212 949 1280 τὼ
967 1217 1054 1281 θείω
1073 1210 1137 1299 άμ-

95 1320 234 1406 φοτέρω
250 1316 308 1381 καὶ
324 1314 415 1399 μάλα
432 1309 654 1399 εὐδοκιμεῖτον
671 1311 713 1381 δι’
728 1311 824 1402 ἡμᾶς.
851 1315 882 1382 εἰ
895 1312 926 1382 δ’
939 1314 1067 1395 ἐθέλεις
1079 1316 1137 1404 λή-

95 1443 165 1508 ρων
182 1417 245 1502 μέν
261 1418 317 1483 καὶ
339 1416 520 1506 φληνάφων
541 1423 607 1485 τῶν
624 1415 717 1504 παρὰ
734 1418 855 1504 ταύτης
877 1413 1074 1500 ἀπέχεσθαι,
1093 1456 1136 1468 -

12 1554 13 1569 ν
95 1517 304 1607 δείξασατην
314 1517 634 1609 ἑτέραν-ἕπεσθαι
644 1520 680 1587 δέ
688 1521 743 1586 καὶ
752 1531 912 1587 συνοικεῖν
922 1519 1005 1605 ἐμοὶ,
1016 1527 1135 1608 πρῶτα

94 1623 281 1711 μένθρέψη
289 1628 442 1708 γεννικῶς
450 1625 506 1688 καὶ
514 1617 708 1707 τσδςιδμονς
717 1620 799 1704 ἕξεις
807 1619 1133 1710 καρτεροὺςφδόνοσ

11 1758 12 1761 “
97 1725 134 1794 δέ
150 1723 282 1803 παντὸς
298 1720 471 1813 ἀλλότριος
488 1724 546 1812 ἴση
564 1728 620 1791 καί
638 1721 760 1792 οάποτε
783 1721 864 1791 άπει
886 1723 944 1792 ἐπὶ
960 1723 1018 1813 τὴν
1036 1722 1134 1792 ἀλλο-

96 1824 223 1916 δαπὴν,
245 1824 305 1914 τὴν
323 1828 469 1915 πατρίδα
489 1825 638 1905 καὶτοὺς
660 1826 801 1907 οἰκείους
822 1827 1028 1894 καταλιπών·
1057 1824 1134 1895 οδδὲ

99 1928 159 1997 έπὶ
175 1929 303 2016 λόγοις,
324 1926 392 1996 ἀλλ’
409 1927 460 1996 ἐπ’
478 1928 585 2017 έργοις
603 1927 833 1995 έπαωέσονταί
849 1952 887 1996 σε
908 1929 1042 2008 πάντες.
1085 1929 1131 2018 μὴ
1150 1953 1167 2002 8

98 2037 276 2120 μυσαχθῇς
297 2032 335 2098 δέ
351 2038 411 2099 τοῦ
435 2031 589 2116 σώματος
606 2029 644 2098 τὸ
664 2028 789 2109 εὐτελές
809 2030 893 2117 μηδὲ
913 2036 972 2115 τῆς
989 2030 1133 2118 ἐσθῆτας

97 2133 136 2202 τδ
155 2134 314 2219 πιναράν·
341 2129 410 2201 άπδ
432 2131 494 2221 γὰρ
512 2133 753 2202 τῶντοιούτων
775 2129 965 2219 ὁρμώμενος
981 2135 1038 2200 καί
1058 2144 1133 2201 Φει-

100 2237 174 2318 δίας
202 2234 323 2317 ἐκεῖνος
349 2234 452 2318 έδειξε
477 2233 534 2304 τὸν
555 2242 620 2305 Δία
641 2238 698 2302 καὶ
718 2236 936 2314 Πολύκλειτος
960 2233 1018 2324 τὴν
1032 2230 1132 2325 Ἦραν

98 2328 276 2427 εἰργάσατο
285 2342 341 2409 καὶ
349 2339 469 2426 Μάρων
478 2337 623 2427 έπηνέέέη
636 2341 693 2405 καί
701 2341 901 2428 Πραξιτέλης
909 2336 1131 2428 ἐθαυμάσθη·

97 2448 359 2526 προσκυνοῦνται
374 2447 452 2529 γοῦν
470 2432 562 2508 οὗτοι
577 2438 661 2525 μετὰ
678 2447 744 2507 τῶν
761 2447 863 2508 θεῶν.
899 2441 930 2507 εἰ
947 2440 988 2528 δὴ
1005 2443 1132 2509 τούτων

98 2541 147 2625 τίς
162 2549 285 2633 γένοιο,
305 2550 379 2623 πῶς
392 2541 429 2611 55
443 2540 567 2622 κλεινὸς
578 2543 637 2627 μέν
651 2539 752 2620 αὐτὸς
768 2539 862 2630 παρὰ
878 2548 983 2609 πᾶσιν
997 2541 1132 2632 5595-

98 2672 177 2728 ποις
195 2646 268 2736 ἴση,
297 2644 439 2735 ζηλωτὸν
456 2646 494 2713 δέ
511 2643 639 2712 καὶτὸν
656 2647 786 2733 πατέρα
805 2640 1006 2725 ἀποδείξεις,
1035 2651 1132 2731 περί-

97 2753 240 2836 βλεπτον
258 2750 294 2818 δέ
316 2747 502 2840 ἀποφανεῖς
524 2749 580 2816 καὶ
597 2744 655 2835 τὴν
672 2741 858 2833 amida?
886 2748 1063 2813 ταῦτακαὶ
1082 2745 1132 2814 ’έτι
1234 2760 1236 2766 “

9 2866 10 2945 ξ
97 2855 223 2923 τούτων
240 2855 378 2945 πλείονα
390 2855 614 2922 διαπταίουσα
626 2854 682 2919 καὶ
694 2851 942 2942 βαρβαρίζουσα
960 2850 1130 2919 πάντοθεν

9 2950 10 2955 ¹
99 2952 227 3045 ελπενὴ
248 2961 359 3044 Τέχνη,
387 2957 477 3041 μάλα
500 2953 539 3044 δὴ
559 2956 688 3043 σπονδῇ
707 2960 902 3042 συνείρουσα
921 2956 978 3020 καί
994 2958 1130 3022 πείθειν

9 3092 11 3135 ς
98 3084 139 3145 με
150 3063 353 3147 πειρωμένη·
372 3056 441 3126 ἀλλ’
458 3055 565 3126 οὐκέτι
577 3062 758 3145 μέμνημαι·
779 3055 822 3125 τδι
834 3059 976 3124 πλεῖστα
987 3056 1050 3145 γάρ
1062 3080 1128 3142 μον

9 3212 10 3237 ,
97 3159 153 3250 τὴν
169 3161 297 3250 μνήμην
313 3158 375 3251 ἤδη
394 3162 555 3250 διέφυγον.
586 3159 661 3228 έπεὶ
675 3157 705 3226 δ’
719 3149 775 3228 οόν
790 3158 974 3243 ἐπαύσατο,
994 3154 1130 3245 άρχεται

97 3259 249 3354 ἡέεέρα
248 3254 315 3332 ὧδέ
330 3282 419 3343 πως·
437 3260 531 3352 “έγὼ
550 3263 600 3345 δέ,
624 3252 792 3344 ὦτέκνον,
819 3261 962 3330 Παιδεία
980 3260 1048 3346 εἰμί
1065 3258 1162 3349 ἤδηο

97 3367 245 3455 συνήθης
265 3390 321 3436 σοι
341 3369 397 3434 καί
417 3371 577 3492 γνωρίμη,
604 3364 635 3433 εί
656 3367 712 3431 καὶ
732 3364 870 3451 μηδέπω
894 3362 928 3443 ές
948 3366 1042 3443 τέλος
1062 3387 1127 3446 μου

97 3475 311 3559 πεπείρασαι.
338 3465 434 3558 ηλίκα
446 3459 559 3554 μὲν
520 3493 576 3537 ουν
590 3464 727 3555 τάγαθόν
737 3491 845 3591 ποριη
831 3465 1019 3546 λιθοξόος
1035 3464 1128 3550 γενό-

96 3597 192 3659 μενος
209 3569 291 3662 αὕτη
309 3575 516 3697 προείρηκεν·
544 3567 691 3640 οὐδέν
654 3596 716 3660 γαρ
735 3566 788 3638 ότι
799 3596 844 3656 μη
830 3565 1027 3655 έργάτης’
1008 3590 1065 3654 εση
1077 3571 1127 3652 τῷ

97 3674 228 3761 σάματι
246 3681 359 3745 πονῶν
380 3670 440 3742 κάν
461 3675 567 3763 τούτῳ
589 3700 647 3797 την
668 3669 803 3741 ἅπασαν
825 3671 902 3739 έλπί
903 3671 945 3737 δα
966 3674 1024 3736 τοῦ
1050 3673 1126 3753 βίον

96 3783 299 3865 τεθειμένος,
319 3774 449 3870 ἀφανὴς
463 3773 580 3862 μέν’
540 3774 639 3858 σστδς
656 3802 716 3857 ων,
736 3772 790 3843 δλί
787 3799 831 3864 γα
776 3769 936 3842 ίκαλ’
917 3795 1029 3860 αγεννη
1015 3773 1128 3859 λαμ-

95 3879 217 3967 βάνων,
243 3877 401 3961 ταπεινὸς
423 3877 484 3968 τὴν
508 3878 650 3968 γνώμην,
678 3874 809 3965 εὐτελὴς
831 3875 867 3942 δέ
887 3872 945 3966 τὴν
966 3875 1124 3965 πρόοδον,

98 3979 171 4053 τότε
188 3987 301 4075 φίλοις
319 3981 551 4068 ἐπιδικάσιμος
565 3977 639 4049 οὔτε
654 3979 789 4069 ἐχθροῖς
805 3977 950 4071 φοβερὸς
963 3975 1039 4047 οὔτε
1054 3990 1126 4059 τοῖς

96 4088 248 4168 πολίταις
270 4084 425 4178 ζηλωτὸς,
455 4082 522 4154 ἀλλ’
543 4080 623 4152 5555
645 4084 746 4171 μόνον
768 4080 905 4174 έργάτης
925 4085 981 4151 καί
1003 4087 1068 4151 τῶν
1089 4078 1127 4148 δκ
