2740 4648
115 257 209 316 xm
221 256 323 312 Πεει
339 257 423 312 Τιωι
439 258 512 313 Em
528 258 664 336 Μιεερ
682 238 914 316 {woman
929 262 1023 317 εεεκ
1059 246 1122 313 259

99 358 194 453 ύβρις
212 358 359 443 ἀπεστιν,
379 358 448 429 ἀλλ’
460 357 534 430 ούτε
552 359 618 450 ᾠὸν
631 363 714 447 ἐ’χεις
725 365 826 448 μόνος
840 403 882 413 -
895 362 934 432 ού
947 363 1008 455 γάρ
1023 361 1123 453 ἀνάγ-

98 465 193 534 καίόν
215 462 286 531 ἐστι
302 465 359 530 καί
380 464 417 531 σὲ
435 471 504 532 τῶν
526 461 633 532 αὐτῶν
655 462 708 533 ἀεὶ
730 479 801 546 τοῖς
823 469 926 548 ξένοις
946 470 1000 534 καὶ
1019 464 1124 555 ἀγνά-

99 593 192 649 στοις
218 563 484 635 ἀντιποιεῖσθαι·
511 563 722 656 ἀγνωμοσύνη
748 567 810 658 γάρ
834 567 872 658 δὴ
899 569 996 637 τοῦτό
1023 592 1060 657 γε
1081 608 1124 620 -

99 668 177 740 οάιε
197 665 217 758 ἦ
240 665 330 759 ἀρνις
352 665 453 753 ὁμοία
473 681 547 750 ταῖς
568 664 697 752 ἀλλοις,
727 668 810 738 ἀλλὰ
831 678 878 760 τῷ,
904 672 963 757 μέν
984 674 1124 759 πλησίον

97 784 223 857 παχεῖα
244 773 301 841 καὶ
321 769 474 860 πιμελὴς,
503 774 558 839 σοὶ
579 772 616 840 δὲ
637 770 768 854 νεοττὸς
789 770 949 861 ἡμίτομος
970 769 992 861 ἢ
1014 774 1124 861 φάττα

97 900 151 955 τις
168 871 383 963 ύπόσκληρος,
402 869 497 962 ύβρις
513 870 664 963 άντικρυς
680 877 736 942 καὶ
754 872 880 961 ἀτιμία.
916 876 1075 955 πολλάκις
1089 876 1125 942 δὲ

98 973 139 1068 ἢν
156 974 296 1065 ἐπιλίπῃ
314 971 414 1043 ἀλλον
431 973 521 1055 τινὸς
542 976 718 1066 αἰφνιδίως
739 976 973 1066 ἐπιπαρόντος,
1002 974 1125 1067 ἀράμε-

97 1104 155 1161 νος
171 1074 191 1147 ό
210 1078 360 1158 διάκονος
376 1076 418 1145 τά
435 1080 491 1146 σοί
507 1085 730 1169 παρακείμενα
752 1087 862 1170 φέρων
883 1079 993 1168 ἐκείνῳ
1016 1104 1126 1171 παρα-

97 1186 249 1252 τέθεικεν
266 1177 549 1277 ύποτονθορύσας,
570 1180 609 1250 σύ
623 1181 686 1270 γάρ
699 1179 855 1271 ἡμέτερος
868 1179 912 1250 ελ·
930 1187 1124 1268 τεμνομένου

97 1285 158 1371 μέν
174 1281 237 1373 γὰρ
256 1281 289 1351 ἐν
305 1289 353 1371 τηί
370 1287 498 1372 μέσῳ
479 1280 500 1349 ἀ
523 1282 602 1364 συός
618 1281 841 1410 ὑπογαστρίου
859 1282 881 1374 ἢ
899 1283 1039 1375 ἐλάφου,
1064 1284 1125 1372 χρὴ

98 1386 137 1455 ἐκ
157 1382 324 1473 παντὸςῆ
346 1383 403 1454 τὸν
425 1387 619 1470 διανέμοντα
641 1388 777 1456 ἵλεων”
758 1413 842 1472 εχειν
864 1385 885 1476 ἢ
913 1385 971 1476 τὴν
993 1400 1127 1476 Προμη-

97 1494 193 1569 θέως
217 1494 294 1611 μερί
280 1489 336 1556 ίδα
362 1493 542 1578 φέρεσθαι,
571 1487 654 1557 ὀστᾶ
681 1481 904 1576 κεκαλυμμένα
930 1495 970 1580 τῇ
991 1516 1032 1557 πι
1033 1492 1124 1578 μελῇ.

97 1589 140 1661 τὸ
157 1589 219 1680 γάρ
236 1619 283 1716 τφ
268 1557 360 1677 μέν
377 1588 461 1680 ὑπὲρ
479 1589 566 1658 σὲ
532 1618 590 1678 την
608 1593 741 1660 λοπάδα
763 1593 981 1682 παρεστάναι,
1006 1589 1109 1660 ἔστ’
1087 1619 1126 1657 αν

97 1692 314 1782 ἀπαγορεύσῃ
333 1691 590 1782 ἐμφορούμενος,
610 1694 648 1762 σὲ
665 1689 742 1762 δ
709 1690 795 1762 ούτω
812 1701 936 1776 ταχέως
953 1696 1127 1784 παραδρα-

96 1808 183 1885 μεῖν,
202 1801 267 1865 τίνι
285 1793 429 1885 φορητὸν
446 1793 611 1884 ελευθέριμ
630 1791 782 1884 ἀνδρί
741 1822 799 1864 καν
818 1793 945 1883 ὁπόσην
959 1797 995 1863 αλ
1008 1797 1128 1883 ἔλαφοι
1162 1809 1166 1825 ’

97 1897 158 1987 τὴν
177 1896 277 1985 χολὴν
300 1896 420 1981 ἔχοντες
447 1902 555 1965 καίτοι
578 1895 710 1979 οὐδέπω
737 1897 841 1967 έκεῖνο
864 1896 959 1987 έφην,
988 1893 1128 1964 ὅτιτῶν

99 2000 209 2070 ἀλλων
225 1996 361 2090 ἥδιστόν
378 1988 485 2067 τεκαὶ
502 2001 727 2069 παλαιότατον
745 1998 832 2070 οἶνον
849 1999 1011 2068 πινόντων
1027 1999 1130 2084 μόνος

98 2101 143 2173 σὺ
161 2101 305 2190 πονηρόν
321 2128 395 2169 τινα
412 2104 467 2168 καί
484 2099 591 2186 παχὺν
607 2129 636 2170 π
637 2109 724 2184 ί,νεις
744 2102 941 2192 θεραπεύων
955 2098 1038 2170 ἀεί’
1023 2127 1057 2169 εν
1070 2098 1129 2189 ἀρ-

97 2205 189 2296 γύρῳ
207 2200 229 2292 ἢ
244 2227 355 2293 χρυσφ
373 2232 400 2273 π
402 2209 489 2287 ί,νειν
509 2200 555 2285 ὥς
572 2231 616 2328 μη
602 2202 782 2295 έλεγχθεί
782 2233 820 2294 ης
833 2203 903 2274 ἀπὸ
920 2210 979 2273 τού
994 2203 1129 2292 χρώμα-

98 2332 160 2387 τος
179 2301 284 2386 ούτως
301 2302 420 2392 ἀτιμσς
437 2334 484 2375 ων
502 2309 688 2395 συμπότης·
710 2313 766 2376 καί
783 2310 858 2377 εἴθε
875 2333 912 2396 γε
928 2304 988 2376 κάν
1007 2306 1127 2375 εκείνου

84 2401 192 2491 ἶς’
155 2436 250 2499 κορον
267 2399 306 2497 ἦν
322 2421 426 2490 πιεῖν,
452 2415 508 2476 νῦν
530 2411 567 2477 δὲ
583 2412 743 2491 πολλάκις
766 2407 1022 2500 αίτήσαντσςᾎ
1005 2437 1023 2478 ο
1047 2422 1130 2488 παῖς

7 2520 9 2609 3
93 2509 253 2580 “οάδ’””
214 2538 320 2580 αιοντι
342 2508 474 2579 εὀικεν.”
508 2507 588 2601 ἀνιᾷ
609 2492 649 2599 δή
668 2538 706 2581 σε
727 2512 836 2581 πολλὰ
857 2516 913 2580 καὶ
940 2511 1054 2601 ἀθρόα
1075 2515 1180 2581 καίει

100 2610 220 2698 σχεδόν
236 2612 278 2681 τά
295 2614 418 2695 πάντα,
445 2615 501 2680 καὶ
517 2614 662 2699 μάλιστα
681 2611 760 2682 όταν
778 2639 816 2683 σε
837 2614 1062 2703 παρευδοκιμῇ
1081 2619 1131 2679 κί·

7 2706 9 2755 5
98 2716 218 2796 ναιδός
233 2743 284 2797 τις
300 2711 322 2804 ἢ
341 2713 682 2805 ὀρχηστοδιδάσκαλος
696 2713 718 2806 ἢ
732 2714 856 2785 Ἰωνικὰ
874 2721 1030 2804 συνείρων
1044 2711 1131 2782 312⁶-

26 2898 30 2903 ,
98 2818 340 2907 ξανδρεωτικός
366 2816 615 2909 ἀνθρωπίσκος·
646 2832 718 2900 τοῖς
742 2820 801 2905 μὲν
831 2816 898 2915 γόιρΙ
919 2816 961 2885 τὰ
992 2814 1132 2908 ἐρωτικά

95 2928 210 2994 ταῦτα
228 2923 492 3007 διακονουμένοις
508 2924 564 2989 καὶ
580 2924 806 3013 γραμματίδια
827 2918 895 2990 ύπό
913 2921 1040 2989 κόλπου
1059 2920 1132 2987 δια-

94 3024 276 3108 κομίζουσι
293 3023 404 3092 πόθεν
422 3025 464 3093 σά
479 3022 507 3112 γ’
523 3024 673 3111 ἰσότιμος
694 3021 938 3112 κατακείμενοςξ
958 3028 1132 3113 τοιγαροῦν

96 3127 139 3198 ἓν
155 3131 248 3212 μυχῷ
265 3131 323 3192 τοῦ
343 3132 529 3209 συμποσίου
547 3132 603 3195 καὶ
621 3124 676 3195 ἀπ’
688 3127 802 3208 αἰδοῦς
819 3115 1046 3206 καταδεδυέιιὺς
1059 3130 1133 3194 στέ-

94 3251 173 3305 νεις
199 3222 245 3304 ὥς
269 3224 308 3292 τὸ
335 3225 421 3306 είκὸς
445 3231 501 3294 καὶ
523 3228 661 3297 σεαυτὸν
688 3231 857 3317 οἰκτείρεις
881 3233 938 3297 καὶ
964 3227 1109 3316 αἰτιᾷ
1076 3252 1134 3315 την

93 3330 205 3454 τύχην
223 3322 360 3394 σάδί
307 3324 360 3397 όλί
358 3353 401 3414 γα
419 3352 474 3397 σοι
490 3335 556 3397 τῶν
571 3337 723 3416 χαρίτων
731 3330 1000 3423 ἐπιψεκάσασαν.
1028 3326 1135 3418 ἡδέως

97 3432 137 3506 δ’
161 3428 201 3499 ἀν
225 3454 285 3516 μοι
311 3431 419 3512 δοκεῖς
443 3406 498 3498 καὶ
529 3429 669 3520 ποιητὴς
693 3437 851 3520 γενέσθαι
879 3458 945 3499 των
971 3429 1136 3520 ἐρωτικῶν

98 3533 266 3628 ᾀσμάτων
291 3529 312 3622 ἢ
337 3528 397 3602 κάν
423 3530 523 3601 άλλου
549 3534 750 3624 ποιήσαντος
776 3534 944 3603 δύνασθαι
969 3530 1060 3622 ᾄδειν
1082 3533 1135 3599 δε-

100 3634 237 3723 ξιάς·ε
221 3642 301 3728 υρᾷς
316 3633 377 3725 γάρ
392 3633 508 3705 οἷον
474 3663 512 3705 το
527 3641 761 3726 προτιμᾶσθαι
773 3641 829 3704 καί
842 3633 1022 3721 εάδοκιμεῖν
1036 3633 1134 3704 ἔστιν.

100 3737 293 3828 ὑποσταίης
320 3736 351 3807 δ’
368 3735 421 3823 ἀν,
450 3738 481 3807 εί
501 3742 556 3806 καί
581 3741 686 3826 μάγον
707 3738 729 3830 ἢ
750 3741 865 3826 μάντιν
886 3736 1135 3828 ἀποκρίνασθαι

101 3844 182 3913 δέοι
196 3849 263 3912 τιῦν
279 3843 418 3933 κλήρους
434 3843 699 3923 πολυταλάντους
715 3845 771 3910 καί
789 3841 890 3930 ἀρχάς
911 3844 967 3908 καὶ
985 3838 1135 3929 ἀθρόους

19 3956 24 3962 ’
99 3941 188 4024 τούς
208 3945 373 4026 πλούτους
394 3942 674 4031 ὖπισχνουμένων·
699 3943 837 4034 καὶγὰρ
860 3935 903 4012 αὖ
925 3945 981 4011 καὶ
997 3942 1134 4023 τούτους

102 4041 192 4135 ὁρᾷς
213 4038 250 4116 εά
272 4054 474 4138 φερομένους
495 4047 529 4118 έν
544 4060 620 4129 ταῖς
642 4050 770 4139 φιλίαις
790 4052 846 4117 καὶ
867 4049 1000 4117 πολλῶν
1022 4044 1152 4131 ἀξιον·

684 4191 690 4196 -
912 4150 965 4208 17⁸

393 4342 404 4374 λ
