2740 4648
240 243 305 312 326
628 252 884 310 ΔΟΥΚΙΑΝΟΥ

187 382 223 436 84
290 376 374 432 ΛΥΚ
413 361 480 428 Καὶ
493 362 527 426 τί
540 359 592 426 δεῖ
604 358 760 447 δακρύων,
781 348 808 424 ὦ
815 361 949 446 χρηστέ·
965 354 1004 425 τδ
1013 354 1074 448 γάρ
1088 365 1147 427 τοῦ
1155 359 1273 443 μόθου

240 464 342 532 έκεῖνο
351 461 437 531 πάνυ
448 459 589 544 συνετὸν,
609 458 712 547 οἶμαι,
733 460 939 540 δνΑίσωπος
948 462 1109 549 διηγεῖτο·
1128 460 1189 550 ἔφη
1204 461 1271 551 γὰρ

239 563 422 655 ἀνθρωπόν
438 589 511 631 τωο
529 561 586 630 ἐπὶ
602 569 642 653 τῇ
659 560 735 652 ήόνι
750 564 971 649 καθεζόμενον
987 563 1076 652 πρὸς
1092 561 1150 652 τήν
1162 588 1271 650 κυμα-

237 666 343 757 τωγήν
365 663 522 757 ἀριθμεῖν
543 664 586 733 τὰ
602 665 744 750 κύματα,
773 669 940 756 σφαλέντα
960 667 999 733 δὲ
1017 661 1191 750 ἀχθεσθαι
1211 669 1271 735 καλ

237 769 416 849 ἀνιᾶσθαι,
445 766 520 854 ἀχρι
538 766 577 856 δὴ
599 766 657 856 τήν
678 764 781 858 κερδὼ
805 776 1024 857 παραστᾶσαν
1041 768 1149 838 είπείν
1167 766 1268 857 αάτῷ,

236 879 284 956 τί,
305 864 332 939 ὦ
348 883 487 960 γενναῖε,
507 867 585 960 ἀνιᾷ
601 877 667 938 τῶν
683 872 922 957 παρελθόντων
939 872 1046 955 ἕνεκα,
1066 872 1140 939 δίον
1156 869 1199 939 τὰ
1216 870 1272 939 lv·

237 983 357 1045 τεόθεν
375 971 556 1065 ἀρξάμενον
574 969 730 1063 ἀριθμεῖν
753 970 961 1062 ἀμελήσαντα
981 972 1128 1058 έκείνωνς
1150 976 1206 1041 καί
1227 972 1269 1043 σά

236 1080 354 1161 τοίνυν,
375 1076 513 1162 ἐπείπερ
533 1072 619 1144 οὕτω
638 1100 694 1144 σοι
711 1076 813 1158 δοκεῖ,
833 1075 867 1158 ές
882 1073 922 1144 τὸ
940 1075 1059 1144 λοιπὸν
1077 1073 1117 1144 ἀν
1135 1075 1271 1162 ἀμεινσν

237 1182 397 1270 ποιήσαις
413 1184 486 1266 βίον
503 1181 540 1246 τε
556 1176 665 1246 κοινὸν
682 1174 791 1247 ἀπασι
807 1184 901 1265 βιοῦν
918 1168 1021 1261 ἀξιῶν
1033 1181 1089 1245 καί
1102 1181 1271 1264 συμπολι-

236 1284 334 1372 τεύση
352 1295 424 1361 τοῖς
440 1284 578 1360 πολλοῖς
596 1277 689 1348 οὐδὲν
706 1277 882 1349 ἀλλόκοτον
898 1283 953 1348 καί
968 1285 1199 1370 τετυφωμένον
1217 1280 1271 1348 έλ-

236 1385 354 1467 πίζων,
377 1388 433 1452 καὶ
451 1381 510 1450 οόκ
528 1384 676 1472 αἰσχυνῇ,
699 1381 802 1473 ήνπερ
821 1374 856 1450 εά
874 1389 1010 1474 φρονῇς,
1036 1384 1067 1451 εί
1087 1388 1191 1473 γέρων
1211 1381 1270 1450 ἀν-

236 1494 378 1577 θρωπος
395 1486 616 1575 μεταμαθήσῃ
634 1487 690 1551 καὶ
706 1486 949 1575 μεταχωρήσεις
965 1482 1052 1574 πρὸς
1067 1483 1106 1554 τὸ
1126 1488 1268 1573 βέλτιον.

186 1611 220 1663 ετ
237 1597 342 1657 ταῦτα
360 1591 396 1655 δὲ
413 1588 532 1669 πάντα,
553 1579 580 1655 ὦ
598 1588 746 1676 φιλότης,
767 1585 879 1657 ὁπόσα
893 1586 997 1670 εἶπον,
1015 1587 1060 1677 μή
1073 1612 1116 1675 με
1128 1593 1269 1677 νομίσῃς

237 1690 320 1773 κατὰ
341 1676 400 1779 τῆς
421 1696 527 1770 Στοᾶς
552 1696 856 1779 παρεσκευασμένον
881 1687 903 1778 ἢ
929 1690 1052 1780 ’έχθραν
1077 1688 1152 1758 τινά
1179 1689 1270 1773 έξοί-

235 1818 329 1882 ρετον
347 1790 433 1881 πρὸς
449 1792 614 1872 Στωϊκοὺς
633 1790 875 1880 ἐπανῃρημένον
886 1792 1069 1882 εἰρηκέναι,
1094 1789 1180 1860 ἀλλὰ
1196 1818 1269 1861 κοι-

235 1895 292 1975 νὸς
310 1894 366 1963 έπί
385 1897 512 1974 πάντας
530 1892 548 1961 ό
567 1895 678 1981 λόγος·
700 1893 743 1960 τά
759 1892 820 1980 γὰρ
840 1891 924 1961 αὐτὰ
942 1893 1028 1984 πρὸς
1045 1895 1083 1962 σὲ
1101 1891 1197 1963 είπον
1215 1892 1265 1978 ἀν,

237 1998 268 2065 εἰ
283 1996 326 2065 τὰ
344 1998 522 2076 Πλάτωνος
538 1994 559 2086 ἢ
574 1992 816 2085 Ἀριστοτέλους
833 1993 937 2086 ᾕρησο
959 2003 1025 2064 τῶν
1047 1993 1156 2065 ἀλλων
1172 1995 1269 2086 ἀκρί·

234 2127 301 2167 των
319 2099 439 2189 ἐρήμην
455 2098 642 2185 κατἀχνοός.
678 2106 734 2166 νῦν
752 2101 788 2166 δὲ
806 2098 881 2168 ἐπεί
897 2098 940 2167 τὰ
957 2104 1111 2168 Στωϊκῶν
1128 2105 1267 2189 προετί-

235 2226 356 2290 μησας,
388 2201 474 2290 πρὸς
501 2200 559 2290 τὴν
585 2200 692 2269 Στοὰν
719 2200 953 2270 ἀποτετάσθαι
979 2197 997 2269 ὅ
1029 2200 1126 2290 λόχος
1155 2200 1268 2285 ἐ’δοξεν

236 2302 331 2373 οὐδὲν
349 2303 512 2391 ἐξαίρετον
529 2301 615 2389 πρὸς
634 2300 734 2391 αότην
752 2302 842 2388 έχων.

185 2428 219 2480 86
287 2422 373 2477 ΕΡΜ.
415 2397 465 2473 Εὖ
492 2410 609 2491 λέγεις·
642 2403 763 2492 ἀπειμι
789 2412 867 2495 χοῦν
894 2403 945 2474 ἐπ’
965 2403 1046 2474 αάτὸ
1072 2411 1187 2490 τοῦτο,
1221 2405 1267 2489 ὦς

234 2512 478 2597 μεταβαλοίμην
502 2511 558 2575 καί
584 2505 664 2575 αὐτὸ
693 2507 732 2596 δή
758 2507 798 2576 τὸ
825 2515 942 2596 σχῆμα.
987 2504 1069 2596 ὄψει
1096 2516 1177 2596 χοῦν
1208 2508 1267 2580 τάκ

235 2611 271 2693 ές
295 2610 422 2701 μακρὰν
449 2608 523 2680 τότε
549 2600 695 2699 πιόχωνα
717 2607 830 2701 ὥσπερ
853 2617 909 2680 νῦν
934 2610 1052 2679 λάσιον
1073 2614 1129 2679 καλ
1153 2613 1267 2700 βαθὺν
1349 2662 1350 2665 ¹

235 2710 312 2788 οότε
335 2716 464 2782 δίαιταν
484 2717 745 2804 κεκολασμένην,
760 2710 829 2780 ἀλλ’
845 2710 943 2781 ἀνετα
965 2713 1075 2782 πάντα
1095 2716 1153 2782 καὶ
1174 2714 1267 2784 ίλεό-

234 2823 338 2905 θερα·
364 2816 449 2900 τάχα
477 2816 514 2883 δὲ
538 2818 595 2882 καὶ
614 2817 808 2906 πορφυρίδα
833 2821 1118 2906 μεταμφιέσομαι,
1143 2813 1189 2897 ἀς
1212 2819 1266 2885 εί-

234 2920 321 2986 δεῖεν
343 2913 487 2999 ἀπαντες
509 2912 562 2987 ότι
582 2922 696 3006 μηκέτι
717 2943 777 3002 μοι
796 2924 863 2986 τῶν
888 2921 994 3009 λήρων
1019 2917 1147 2987 ἐκείνων
1166 2922 1267 3005 μέτε-
1348 2996 1349 3007 η

235 3045 317 3088 στιν.
345 3017 390 3099 ὥς
408 3020 483 3087 είθε
500 3044 537 3106 χε
553 3022 609 3086 καλ
627 3019 778 3102 ἐξεμέσαι
797 3020 934 3090 δυνατὸν
947 3013 986 3111 ἦν
999 3017 1132 3090 ἅπαντα
1145 3019 1264 3107 ἐκεῖνα,
1348 3010 1349 3031 ¹

235 3120 347 3190 ὁπόσα
364 3120 489 3209 ἤκουσα
505 3118 584 3206 παρ’
596 3118 712 3205 αὐτῶν,
735 3125 791 3191 καλ
812 3115 849 3191 εό
870 3124 962 3203 ἰ’σθι,
986 3120 1045 3191 οάκ
1066 3120 1106 3192 ἀν
1127 3120 1263 3215 ὤκνησα

233 3227 289 3293 ιυαλ
311 3223 481 3314 ἑλλέβορον
502 3236 592 3291 πιεῖν
614 3222 671 3291 διὰ
691 3230 790 3294 τοῦτο
812 3225 846 3306 ές
865 3225 905 3294 τὸ
928 3223 1113 3315 ἀμπαλινῆ
1136 3224 1264 3317 δΧρό
1347 3256 1348 3265 ’

235 3353 375 3410 σιππος,
405 3322 498 3409 ὅπως
518 3327 619 3415 μηδὲν
646 3326 694 3395 δτι
720 3326 909 3417 ἐννοήσαιμι
935 3319 981 3397 ὧν
1007 3353 1103 3418 φασι.
1145 3333 1202 3398 σοί
1227 3327 1261 3397 δ’
1347 3318 1348 3335 ³

235 3422 291 3500 σόν
317 3427 355 3499 οά
381 3429 498 3520 μικρὰν
521 3430 616 3516 χάριν
642 3427 731 3512 οίδα,
759 3421 940 3513 (ἀΛυκῖνε,
969 3426 1022 3498 ότι
1042 3456 1085 3516 με
1105 3458 1262 3523 παραφε-
1346 3498 1347 3509 ,

234 3534 370 3624 ρόμενον
387 3528 455 3600 ἀπὸ
473 3535 617 3621 θολεροῦ
634 3557 722 3613 τινος
736 3535 914 3622 χειμάρρου
936 3537 992 3601 καλ
1012 3538 1161 3624 τραχέος,
1185 3534 1262 3605 ἐπι·
1346 3536 1347 3539 '

235 3636 369 3705 διδόντα
399 3631 539 3721 ἐμαυτὸν
567 3637 623 3703 καὶ
652 3634 736 3703 κατὰ
765 3638 843 3727 ῥοῦν
873 3640 1050 3725 συρρέοντα
1083 3645 1131 3727 τῷ
1161 3633 1261 3706 όδατι
1346 3684 1347 3707 τ

234 3736 424 3817 ἀνέσπασας
450 3734 602 3820 ἐπιστὰς,
629 3735 668 3806 τδ
690 3745 756 3806 τῶν
776 3739 953 3831 τραγῳδῶν
974 3746 1085 3822 τοῦτο,
1113 3737 1199 3820 θεὸς
1225 3738 1260 3808 λιι

232 3846 376 3930 μηχανῆς
402 3838 586 3930 ἐπιφανείς.
628 3842 716 3908 δοκεῖ
743 3842 780 3910 δέ
803 3867 863 3929 μοι
893 3839 952 3910 οάκ
978 3839 1107 3930 ἀλόγως
1133 3839 1174 3911 ἀν
1202 3844 1259 3910 καί

234 3943 443 4031 ξυρήσασθαι
471 3942 529 4032 τὴν
557 3943 701 4034 κεφαλὴν
728 3940 842 4035 οἷόσπερ
870 3945 904 4013 ολ
933 3944 970 4014 έν
997 3950 1063 4013 τῶν
1092 3950 1259 4033 ναυαγίων

233 4040 467 4127 ἀποσωθέντες
485 4046 669 4135 ἐλεύθεροι,
694 4036 751 4116 ἀτε
768 4050 823 4115 καλ
840 4048 988 4137 σωτήρια
1008 4047 1148 4139 τήμερον
1168 4044 1259 4131 ἀξων
1345 4078 1346 4131 χ
