2724 4634
239 198 301 267 116
496 208 499 217 ·
622 206 879 264 κοκκιεσοτ
1123 262 1130 281 ,

286 330 374 389 IIOA.
408 314 531 402 Μηδὲν,
555 303 766 401 ῶΔιόγενες,
789 316 870 400 περὶ
883 313 1155 399 Λακεδαιμονίων
1177 317 1273 405 λέγε·

235 415 275 488 οὗ
288 416 350 507 γάρ
365 414 523 504 ἀνέξομαί
534 436 585 505 γε·
604 416 673 484 ἀδὲ
680 414 767 506 πρὸς
778 415 857 496 τοὺς
868 413 989 496 ἀλλους
998 415 1144 506 ἔφησθα,
1155 414 1277 508 ἀπαγ..

233 524 383 693 7⁸²5le
416 617 581 708 Ἐάσωμεν
602 622 752 703 τούτους,
781 620 857 689 ἐπεί
881 645 939 689 σοι
964 621 1069 689 δοκεῖ·
1097 620 1138 691 σὺ
1165 620 1198 691 δ’
1218 622 1277 705 οἶς

235 738 400 813 προεῖπον
418 720 595 812 ἀπένεγκον
612 722 690 812 παρ’
703 723 783 811 ἐμοῦ
800 721 878 805 τοὺς
895 723 1023 812 λόγους.

739 913 765 966 2.

423 1012 628 1071 ΠΛΟΥΤΩΝ
649 1014 677 1070 Η
697 1014 812 1069 ΚΑΤΑ
833 1012 1076 1069 ΜΕΝΙΠΠΟΥ.

97 1172 100 1179 ν
203 1153 217 1203 1
286 1146 409 1203 ΚΡΟΙΣ.
446 1133 489 1204 Οά
509 1142 668 1225 φέρομεν,
697 1108 911 1216 ῶΠλσότων,
938 1138 1113 1202 Μένιππον
1134 1132 1274 1202 τουτονί

236 1236 293 1307 τὸν
309 1238 390 1307 κύνα
406 1246 643 1326 παροικοῦντα·
662 1234 747 1306 ῶστε
764 1235 785 1326 ἢ
803 1236 924 1304 ἐκεῖνόν
941 1260 1004 1304 ποι
1019 1236 1228 1325 μετάστησον
1249 1234 1273 1327 ἢ

236 1336 330 1428 ἡμεῖς
346 1341 580 1428 μετοικήσομεν
599 1341 646 1421 εἰς
665 1341 773 1428 ἕτερον
789 1340 905 1408 τόπον.

287 1454 424 1511 ΠΛΟΥΤ.
463 1450 500 1511 Τί
518 1441 548 1510 δ’
562 1441 647 1529 ἀμάς
665 1442 769 1511 δεινὸν
788 1441 957 1529 ἐργάζεται
975 1438 1151 1529 ὁμόνεκρος
1168 1440 1234 1525 (32¹,-

287 1561 410 1618 ΚΡΟΙΣ.
441 1543 594 1614 Ἐπειδὰν
610 1543 705 1633 ἡμεῖς
723 1545 914 1629 οἰμώζωμεν
931 1548 986 1612 καλ
1005 1548 1166 1629 στένωμεν
1184 1543 1271 1611 ἐκεί-

236 1673 299 1716 νων
316 1654 513 1736 μεμνημένοι
529 1655 595 1716 τῶν
613 1646 689 1729 ἀνω,
709 1642 817 1726 Μίδας
833 1648 892 1731 μὲν
910 1644 1023 1714 οὑτοσὶ
1040 1652 1099 1715 τοῦ
1113 1642 1268 1732 γροσίοα,

237 1751 519 1837 Σαρδανάπαλλος
537 1752 573 1818 δέ
594 1758 652 1840 τῆς
672 1753 797 1837 πολλῆς
814 1756 953 1837 τροφῆς,
982 1748 1045 1836 ἐγώ
1069 1751 1105 1818 δὲ
1122 1761 1271 1839 Κροῖσος

237 1860 303 1921 τῶν
325 1860 517 1944 θησαυρῶν,
547 1854 683 1942 ἐπιγελᾷ
704 1855 759 1920 καί
782 1851 968 1934 ἐξονειδίζει
989 1849 1186 1939 ἀνδράποδα
1213 1857 1270 1921 καλ

237 1955 438 2045 καθάρματα
456 1954 542 2046 ἡμᾶς
566 1953 755 2037 ἀποκαλῶν,
784 1953 886 2023 ἐνίοτε
908 1956 945 2022 δέ
965 1958 1021 2022 καὶ
1043 1953 1132 2045 ᾄδων
1151 1955 1270 2024 ἐπιτα-

237 2059 350 2147 ράττει
366 2055 459 2147 ἡμῶν
476 2058 536 2139 τὰς
554 2058 709 2147 οἰμωγὰς,
729 2061 784 2124 καὶ
802 2053 887 2137 ὅλως
904 2058 1050 2147 λυπηρός
1068 2058 1149 2128 ἐστι.

288 2168 425 2225 mors.
464 2168 502 2229 Τί
518 2162 623 2229 ταῦτά
641 2187 753 2250 φασιν,
773 2151 800 2227 ῶ
818 2166 989 2244 Μένιππος

288 2280 379 2335 ΜΕΝ.
409 2260 544 2351 Ἀληθῆ,
565 2254 592 2329 ῶ
610 2265 781 2331 Πλούτων·
798 2269 888 2348 μισῶ
905 2260 966 2350 γὰρ
984 2260 1105 2343 αὐτοὺς
1123 2259 1268 2350 ἀγεννεῖς

237 2368 293 2433 καὶ
303 2363 464 2453 ὀλέθρους
478 2361 582 2448 ἀντας,
602 2365 654 2446 οῖς
669 2364 726 2434 οὐκ
736 2365 901 2455 ἀπέχρησε
913 2372 1033 2451 βιῶναι
1045 2371 1160 2446 κακῶς,
1182 2363 1267 2433 ἀλλά

237 2471 293 2536 καί
312 2464 540 2547 ἀποθανόντες
558 2468 607 2535 ἐ’τι
623 2473 802 2557 μέμνηνται
814 2471 870 2536 καὶ
882 2473 1090 2558 περιέχονται
1101 2474 1169 2536 τῶν
1183 2466 1267 2536 ἀνω·

235 2576 340 2658 χαίρω
358 2577 531 2658 τοιγαροῦν
550 2568 649 2639 ἀνιῶν
667 2570 797 2651 αῦτοός.

290 2689 426 2745 ΠΛΟΥΤ.
458 2670 537 2741 ΞιίλλΦ
555 2671 592 2741 οὐ
612 2674 689 2764 χρή·
712 2678 893 2742 λυποῦνται
909 2670 971 2761 γάρ
990 2670 1027 2740 οῦ
1050 2679 1175 2763 μικρῶν
1193 2697 1267 2741 στε-

238 2776 382 2864 ρόμενοι.

288 2893 378 2948 ΜΕΝ.
413 2879 479 2947 Καὶ
497 2877 536 2945 σὺ
554 2883 743 2965 μωραίνεις,
773 2868 986 2960 ῶΠλοότων,
1015 2875 1198 2968 όμόψηφσς
1220 2875 1266 2946 ῶν

238 2992 310 3060 τοῖς
326 2980 450 3048 τούτων
468 2993 676 3068 στεναγμοῖς,·

289 3089 425 3146 ΠΛΟΥΤ.
454 3080 621 3169 Οὐδαμῶς,
629 3080 759 3151 ἀλλὀὐκ
768 3079 1160 3169 ἀνίθέλοιμιστασιάζειν
1169 3080 1264 3169 ἀμάς.

205 3204 221 3255 2
289 3199 379 3256 ΜΕΝ.
413 3189 479 3255 Καὶ
499 3184 575 3274 μὴν,
605 3175 804 3255 ῶκάκιστοι
823 3189 943 3255 Λυδῶν
969 3190 1026 3254 καλ
1050 3193 1185 3276 Φρυγῶν
1211 3189 1264 3255 καί

235 3281 424 3389 Ξίφσυρίων,
454 3284 539 3356 οὕτω
561 3288 753 3375 γιγνώσκετε
776 3286 821 3369 ῶς
844 3288 919 3357 οόδέ
945 3295 1156 3375 παυσομένου
1183 3302 1263 3376 μου·

142 3431 144 3435 -
239 3389 323 3458 λ’νθα
340 3389 402 3479 γὰρ
421 3387 460 3458 ἀν
481 3390 568 3479 ἰἠτε,
596 3387 816 3480 ἀκολουθήσω
838 3389 938 3461 ἀνιῶν
959 3395 1015 3460 καὶ
1036 3392 1188 3482 κατᾴδων
1208 3394 1263 3460 καλ

237 3496 431 3580 καταγελῶν.
1256 3540 1262 3549 ·

289 3611 412 3668 ΚΡΟΙΣ.
450 3602 559 3663 Ταῦτα
576 3593 635 3680 οόχ
651 3592 761 3686 όβριςς

288 3706 377 3761 ΜΕΝ.
414 3695 485 3781 Οῦκ,
501 3690 840 3793 ἀλλ’ἐκεῐναόβριςῆν,
857 3696 1142 3785 ἀόμεῖςέποιεῖτε,
1158 3722 1263 3789 προσ-

238 3806 413 3868 κυνεῖσθαι
426 3798 591 3884 ἀξιοῦντες
603 3805 658 3870 καί
672 3798 861 3892 ἐλευθέροις
874 3799 1030 3892 ἀνδράσιν
1043 3802 1262 3892 ἐντρυφῶντες

238 3905 359 3971 καὶτοῦ
368 3904 516 3973 θανάτου
530 3904 570 3975 τό
582 3905 743 3996 παράπαν
752 3902 790 3973 ου’
803 3906 1071 3992 μνημονεύοντες·
1089 3913 1261 3998 τοιγαροῦν

241 4004 428 4094 οἰμώξεσθε
444 4007 576 4078 πάντων
594 4008 722 4077 ἐκείνων
740 4004 954 4098 ἀφῃρημένοι.
