2724 4634
309 279 391 340 vm.
413 279 529 337 emm
549 279 761 336 A1AAoro1
780 280 878 338 1519.
1057 272 1109 340 ’83

73 384 308 476 έτιμωρήσατο
324 381 346 474 5
362 384 550 476 καταδήσας
565 397 637 465 τοῖς
648 386 808 472 κλήμασιν
821 381 843 474 5
856 387 1111 480 διασπασθῆναι
1177 454 1179 463 ,

72 490 224 581 ποιήσας
240 485 308 557 δπδ
324 495 383 578 τῆς
398 483 523 576 μητρός
536 482 650 576 ὥσπερ
662 486 786 577 νεβρόν.
823 485 903 578 δρᾷς
916 484 1110 584 ὦςᾶνδρεῖα
1175 480 1178 487 ,
1327 550 1329 583 4

71 599 183 663 ταῦτα
198 592 256 659 καὶ
269 587 328 658 οόκ
340 586 460 673 ἀνάξια
472 595 533 658 τοῦ
542 584 688 678 πατρόςς
705 589 735 659 ελ
749 590 786 658 δέ
797 589 921 660 παιδιὰ
933 594 990 662 καλ
1000 593 1109 685 τρυφή
1328 632 1330 687 ⁴

74 692 259 782 πρόσεστιν
268 689 391 775 αὐτοῖς
402 689 511 774 υόδείς
522 692 664 782 φθόνος
678 693 734 761 καὶ
745 693 891 777 μάλιστα
900 693 931 762 εί
939 696 1109 783 λογίσαιτό
1328 702 1331 785 ξ

61 814 126 879 ’τις
139 794 212 878 οἶος
224 785 317 864 άν
277 819 375 876 ουτος
386 786 563 885 νήφωνήν,
582 790 669 864 δ’που
686 800 792 864 ταῦτα
807 796 945 881 μεθυων
957 810 1062 867 ποιεῖ.
1329 790 1332 845 ξ

126 906 216 962 ΗΡΑ
249 897 299 969 Σό
315 923 376 984 μοι
394 897 502 978 δοκεῖς
518 896 759 979 ἐπαινέσεσθαι
775 896 879 967 καὶ
846 926 885 968 το
908 895 1034 990 κόρημα
1051 896 1110 967 αό-
1126 922 1143 972 2

69 1008 150 1085 τοῦ,
177 998 239 1090 τήν
255 995 404 1087 όιμπελον
420 997 526 1068 καί
492 1026 550 1068 τον
568 996 669 1083 οίνον,
696 1002 752 1068 καὶ
772 1008 877 1070 ταῦτα
895 997 982 1091 δρῶν
1002 1000 1059 1072 οἷα
1077 1002 1123 1071 05

62 1108 307 1194 μεθυσθέντες
331 1108 470 1172 ποιοόσι
496 1104 718 1192 σφαλλόμενοι
739 1101 902 1193 καὶπρὸς
922 1099 1016 1229 όβριν
1037 1130 1111 1193 τρε-

70 1208 219 1294 πόμενοι
244 1209 301 1275 καλ
326 1201 412 1287 όλως
437 1205 617 1292 μεμηνότες
638 1201 705 1273 όπό
727 1212 787 1274 τοῦ
808 1212 930 1275 ποτοῦ·
955 1206 1012 1276 τὸν
1032 1216 1110 1295 γοῦν

68 1307 223 1399 Ἰκάριον,
251 1298 422 1398 ᾦπριότῳ
441 1308 542 1377 ἔδωκε
562 1306 602 1377 τὸ
619 1311 741 1397 κλῆμα,
768 1307 802 1377 σί
823 1310 994 1396 συμπόται
1015 1308 1109 1380 αὐτοὶ

74 1413 277 1502 διέφθειραν
294 1417 449 1492 παίοντες
465 1423 541 1493 ταῖς
558 1412 731 1490 δικέλλαις.

124 1523 231 1578 ΖΕΥΣ
268 1510 368 1584 Οὐδέν
388 1520 488 1583 τοῦτο
511 1514 592 1604 φῄς·
620 1510 657 1581 υό
679 1511 741 1601 γὰρ
759 1538 778 1582 σ
766 1509 885 1594 εσίνος
905 1521 1011 1583 ταῦτα
1032 1513 1109 1584 0555

73 1616 269 1696 όΔιόνυσος
285 1629 392 1699 ποιεί,
411 1614 539 1685 τὸδ’
523 1642 570 1703 αμ
681 1641 740 1704 της
752 1640 885 1697 ποσεως
897 1617 1003 1687 καὶτ
1020 1624 1108 1707 πέρα

69 1747 134 1789 του
119 1718 298 1801 καλῶς”
280 1717 447 1803 εχοντοςέ
430 1641 665 1809 μφορεῖσόρο
620 1743 658 1786 ι
677 1725 736 1786 τοῦ
757 1714 911 1808 άκράτου.
956 1717 1091 1801 όςδ’”
1068 1747 1109 1788 αν

72 1822 129 1908 έμμ
115 1847 222 1911 μετρα
240 1826 334 1911 πίνη,
355 1820 554 1912 ἱλαρώτερος
569 1822 629 1906 μὲν
645 1823 701 1888 καί
718 1817 819 1908 ἡδίων
835 1818 989 1909 μένοιτη
965 1841 1019 1889 αν·
1038 1819 1109 1890 οἷον

68 1920 145 1992 555
155 1920 293 2010 Ἰκάριος
308 1923 450 2005 όπαέίεν,
470 1919 600 1991 οόδλν’“
577 1949 617 1990 αν
630 1922 806 2012 ἐργάσαιτο
818 1920 935 1990 οὐδένα
947 1929 1013 1990 τῶν
1026 1943 1110 2008 συμ-

59 2031 200 2097 ποτῶν,
235 2022 321 2093 ἀλλὰ
339 2022 379 2094 οδ
399 2025 449 2093 ότι
466 2024 660 2112 ζηλοτυπεῖν
678 2024 800 2107 ἔοικας,
821 2014 955 2111 ὦἭρα,
977 2027 1110 2114 καὶτῆς

71 2130 220 2217 Σεμέλης
239 2128 468 2216 μνημονεύειν,
495 2122 518 2216 5
537 2152 574 2214 με
596 2127 785 2214 διαβάλλεις
805 2134 865 2197 τοῦ
883 2127 1044 2196 Διονύσου
1065 2125 1109 2195 τὰ

71 2231 246 2302 κάλλιστα.

1332 998 1334 1007 ι

571 2399 614 2453 19.

247 2594 250 2601 ⁴
306 2479 564 2565 ΑοέοΔΙΤΗΣ
588 2509 664 2565 ΚΑΙ
689 2510 875 2567 εεοΤοΣ.

125 2645 211 2702 ΑΦΡ.
253 2643 293 2707 Τί
317 2640 456 2727 δήποτε,
485 2630 647 2726 αἶ’Ὲρως,
674 2637 751 2720 τοὺς
775 2639 834 2725 μὲν
861 2634 980 2719 άλλους
1002 2635 1141 2718 θεοὺςι

70 2744 285 2830 κατηγωνίσω
299 2737 462 2824 ἅπαντας,
480 2739 538 2811 τὸν
546 2747 622 2825 Δία,
640 2739 697 2810 τὸν
705 2743 866 2825 Ποσειδῶ,
885 2737 1106 2825 τόνέίπόλλω,

71 2842 132 2934 τήν
146 2841 246 2926 Ῥέαν,
276 2843 333 2929 ἐμέ
349 2842 406 2932 την
422 2850 560 2933 μητέρα,
587 2845 690 2934 μόνης
712 2846 749 2913 55
770 2842 876 2934 άπέχη
897 2850 956 2932 τῆς
969 2842 1109 2932 Ἀθηνᾶς

70 2949 128 3015 καὶ
148 2942 200 3014 ἐπ’
216 2945 338 3033 ἐκείνης
355 2943 484 3033 όὶπυρος
504 2951 640 3033 μένσοι
661 2945 681 3036 5
701 2946 774 3038 δᾲς,
801 2948 875 3038 κενή
898 2945 929 3017 δ’
945 2948 1066 3017 οἰστῶν
1086 2945 1107 3037 5

71 3054 238 3141 φαρέτρα,
258 3046 298 3117 σὺ
318 3050 353 3115 55
371 3046 489 3131 άτοξος
507 3046 607 3118 εἶκαὶ
626 3045 782 3135 άστοχος,·

123 3159 181 3214 EP·
216 3153 333 3234 Δέδια,
354 3143 382 3218 5
399 3158 513 3242 μήιερ,
534 3149 648 3241 αότήν·
667 3151 796 3243 φοβερὰ
811 3152 874 3243 γάρ
893 3151 964 3222 ἐστι
980 3154 1037 3220 καὶ
1046 3179 1108 3236 χα-

71 3252 163 3346 ροπὴ
185 3256 241 3321 καί
263 3256 378 3334 δειναῖς
400 3251 549 3345 όνδρική·
576 3252 704 3323 ὁπόταν
724 3261 803 3342 γοῦν
825 3254 1046 3340 ἐντεινάμενος
1066 3253 1125 3322 τό·

70 3359 170 3441 τόξον
187 3357 230 3424 ’ίω
249 3353 300 3425 ἐπ’
316 3353 430 3446 αότήν,
459 3356 654 3434 ἐπισείουσα
674 3355 732 3425 τόν
750 3356 854 3445 λόφον
876 3357 1049 3446 ἐκπλήττει
1065 3380 1107 3440 με

68 3455 165 3529 κάλ’
146 3459 339 3548 υπότρομος
353 3465 487 3548 γίνομαι
503 3463 559 3528 καί
576 3456 721 3551 ἀπορρεῖ
733 3483 798 3544 μου
816 3455 1054 3545 τδιτοξεόματα
1072 3455 1107 3524 ἐκ

68 3570 139 3632 τῶν
153 3569 284 3652 χειρῶν.
478 3624 482 3630 .

124 3673 211 3728 ΑΦΡ
246 3660 376 3754 ὉἍρης
392 3662 454 3753 γὰρ
473 3689 511 3732 ου
498 3654 786 3755 ’φοβερώτερος
765 3691 820 3755 ην,·
837 3658 927 3731 καὶ“
906 3687 997 3750 ομως
1010 3659 1106 3752 ἀφοί-

30 3786 32 3855 ζ
69 3770 199 3849 πλισας
216 3766 317 3837 αὐτὸν
333 3771 389 3835 καὶ
406 3773 579 3856 νενίκηκας.

31 3858 34 3921 ἶ
122 3879 181 3935 ΕΡ.
211 3866 291 3940 Αλλ’
308 3869 428 3951 ἐκεῖνος
446 3867 527 3939 ἑκὼν
543 3874 720 3958 προσίεταί
734 3896 777 3956 με
789 3872 845 3938 καὶ
856 3869 1101 3958 προσκαλεῖται,

33 4018 36 4057 1
70 3969 321 4065 ᾗιίδηνόιδέε
302 3980 470 4064 υφορᾶται
487 3971 553 4055 ἀεὶ,
572 3976 630 4039 καί
645 3997 728 4041 ποτε
746 3971 808 4062 έμὼ
825 3972 885 4058 μέν
897 3967 1005 4052 αλλως
1016 3997 1105 4060 παρ-

34 4079 176 4221 ξέπτην
189 4079 295 4167 πλησί
294 4102 330 4146 ον
344 4075 423 4161 έχων
438 4075 497 4168 τήν
511 4076 685 4163 λαμπάδα,
703 4102 724 4169 η
712 4072 826 4161 55
828 4075 862 4145 εί
874 4102 935 4162 μοι
951 4069 1102 4168 πρόσει,”

38 4386 52 4585 λ,
