2724 4634
354 249 393 305 X.
413 248 626 304 NEKPIKOI
647 248 857 303 ΔΙΑΛΟΓΟΙ
878 249 920 303 29.
929 249 971 303 30.
1115 237 1178 302 157

150 357 206 424 καλ
221 353 337 444 πρῴην
355 350 432 422 οάνε
447 355 682 442 προσέβλεψας
699 349 812 433 αὐτὸν,
841 350 945 421 ὁπότε
962 344 1023 441 ήκε
1039 372 1179 438 μαντευ-

151 457 302 541 σόμενος,
331 453 408 543 ον’)’τε
427 469 625 544 προσειπεῖν
645 454 790 544 ἠξίωσας
805 450 915 546 ιἀνδρα
933 458 1182 545 συστρατιώτην

148 561 205 625 καὶ
222 557 366 648 ἑταῖρον,
385 555 453 625 ἀλλ’
468 554 698 644 ὑπεροπτικῶς
713 558 841 645 μεγάλα
856 562 979 642 βαίνων
990 563 1180 646 παρῆλθεςς
1208 614 1216 628 .

201 675 297 731 Am.
339 660 500 742 Εἰκότως,
537 651 797 747 ώάίγάμεμνον·
824 657 922 739 αάτδς
947 660 1009 748 γάρ
1035 687 1096 746 μοι
1119 668 1178 750 τῆς

148 767 270 847 μανίας
290 761 407 842 αίτιος
436 767 574 851 κατέστη
607 762 709 848 μόνος
738 758 987 844 ἀντεξετασθεὶς
1022 761 1079 832 ἐπὶ
1107 776 1179 845 τοῖς

150 858 279 945 ὅπλοις.
410 886 415 893 ·

201 981 317 1090 APAMe
344 963 503 1049 Ἠξίωσας
521 967 556 1034 δὲ
574 963 854 1054 ἀνανταγώνιστος
876 962 963 1034 εἶναι
981 968 1037 1035 καὶ
1054 962 1181 1035 ἀκονιτί

149 1078 278 1156 κρατεῖν
297 1064 469 1152 ἀπάντωνς

136 1195 143 1209 ·
201 1184 297 1240 ΑΙΑΣ.
330 1172 412 1251 Ναὶ,
430 1169 473 1237 τά
490 1195 526 1256 γε
544 1176 695 1238 τοιαῦτα·
715 1144 820 1238 οἰκεία
836 1169 899 1258 γάρ
916 1195 976 1254 μοι
992 1159 1181 1259 ἧνήπανσ-

149 1273 235 1339 πλία
251 1297 311 1339 τον
328 1268 470 1358 ἀνεψιοῦ
486 1296 522 1359 γε
535 1263 629 1340 οάσα.
655 1275 711 1340 καὶ
722 1269 816 1357 υμεῖς
830 1297 863 1339 οι
853 1268 972 1341 “ἀλλοι
984 1267 1106 1340 παλδ’
1086 1298 1120 1356 αγ
1121 1276 1210 1338 ιεί·

149 1397 227 1452 νοας
245 1370 335 1454 ἀντες
352 1369 600 1441 ἀπείπασθε
567 1400 623 1442 τον
640 1370 751 1461 ἀγῶνα
763 1377 819 1443 καὶ
835 1374 1092 1463 παρεχωρήσατέ
1108 1397 1178 1459 μοι,

150 1471 171 1543 ὅ
190 1476 226 1543 δὲ
242 1479 407 1564 Λαέρτου,
436 1474 473 1543 ὃν
491 1473 554 1563 ἐγώ
572 1477 732 1556 πολλάκις
749 1475 859 1545 ἐ’σωσα
880 1476 1105 1545 κινδυνεύοντα
1121 1501 1182 1542 κα-

150 1578 360 1666 τακεκόφθαι
384 1574 453 1645 ἀπὸ
478 1583 544 1646 τῶν
568 1584 715 1667 Φρυγῶν,
743 1576 883 1663 ἀμείνων
903 1575 997 1667 ήξίοο
1020 1576 1181 1647 εἶναικαὶ
1294 1572 1300 1587 '

151 1677 415 1768 ἐπιτηδειότερος
432 1678 514 1764 ἔχειν
530 1677 574 1748 τὰ
592 1676 691 1748 ὅπλα.

152 1818 156 1827 ·
203 1797 315 1853 ΑΓΔΜ
347 1782 456 1851 Αἰτιῶ
472 1787 655 1871 τοιγαροῦν,
675 1773 703 1848 ὦ
719 1795 859 1869 γενναῖε,
877 1782 936 1871 τὴν
950 1787 1051 1864 θέσιν,
1070 1781 1090 1871 ἢ
1106 1783 1179 1850 δέον
1197 1803 1214 1852 2

151 1884 207 1950 σοὶ
224 1881 282 1971 τήν
299 1886 513 1973 κληρονομίαν
535 1886 742 1971 παραδοῦναι
762 1890 829 1952 τῶν
852 1881 964 1953 ὅπλων
981 1897 1130 1973 συγγενεῖ
1144 1909 1181 1972 γε

148 1980 236 2067 ὄντι,
257 1991 405 2075 φέρουσα
424 1985 458 2066 ές
473 1985 511 2054 τὸ
529 1984 637 2057 κοινὸν
654 1991 815 2055 κατέθετο
834 1983 928 2055 αάτά.

202 2103 298 2159 Am.
334 2085 410 2170 Οδκ,
421 2086 565 2157 ἀλλὰ
531 2116 589 2158 τον
602 2086 806 2170 Ὀδυσσέα,
789 2114 826 2169 ος
844 2085 1051 2177 ἀντεποιήθη
1068 2086 1180 2172 μόνος.

203 2204 331 2261 ΑΓ.-ΑΜ
349 2191 541 2316 Συγγνώμη,
570 2219 598 2259 ω
583 2182 714 2274 Αίοιυ,
738 2186 1012 2280 είάνθρωπος
985 2216 1030 2257 ων
1048 2186 1179 2278 ώρέχθη

151 2291 264 2378 δόξης,
291 2289 348 2380 ἡδί
349 2316 427 2360 στου
453 2295 661 2383 πράγματος,
688 2291 771 2382 δπδρ
795 2319 833 2363 ον
819 2282 950 2361 καῖ’
932 2299 1024 2382 ημῶν
1046 2291 1182 2370 ἕκαστος

149 2395 319 2474 κινδύνους
334 2391 505 2479 ἀπέμενεν,
533 2395 608 2465 ἐπεὶ
595 2399 680 2465 ὶκαλ
697 2395 854 2486 έκράεησέ
870 2420 931 2464 σου
953 2399 1008 2464 καί
1024 2401 1181 2467 ταῦταν
1148 2392 1181 2460 ἐν

153 2499 264 2585 Τρωσὶ
282 2497 462 2579 δικασταῖς.
539 2542 543 2551 ¹

204 2613 300 2667 ΑΙΑΣ.
336 2597 450 2669 olda}
434 2598 498 2688 ἐγώ
515 2595 588 2688 ήτις
604 2624 668 2685 μου
686 2601 798 2668 κατεδί
785 2605 909 2669 ίκασεν·
937 2594 1005 2666 ἀλλ’
1024 2624 1062 2667 ον
1051 2575 1183 2682 ’θέμις

148 2702 256 2789 λέγειν
280 2727 314 2768 τι
334 2705 414 2791 περὶ
433 2708 499 2770 τῶν
520 2708 621 2773 θεῶν.
661 2727 719 2773 τον
741 2699 772 2770 δ
788 2692 846 2771 οάν
863 2698 1016 2770 Ὀδυσσέα
1040 2697 1085 2789 μή
1109 2697 1190 2782 οάχλι

149 2814 261 2886 μισεῖν
278 2799 338 2871 οάκ
354 2801 394 2875 ἀν
413 2805 508 2872 δυναί
494 2810 583 2894 ίμην,
611 2831 640 2872 ω
625 2795 863 2892 Αγάμεμνον,
886 2799 958 2872 εὗδ’
974 2799 1063 2875 κί’
1023 2802 1104 2891 αντη
1122 2826 1183 2888 μοι

150 2899 310 2993 ήάίθηνά
328 2902 414 2973 τοῦτ’
430 2905 613 2976 ἐπιτάττοι.
715 2950 718 2955 >

650 3094 693 3150 30.

387 3192 555 3251 Μιναον
578 3182 654 3252 ΚΑΙ·
673 3196 941 3253 mmmm.

203 3327 283 3383 Mm.
316 3310 346 3383 ‘0
366 3315 425 3399 μὲν
447 3313 568 3404 λῃστής
590 3314 705 3385 οδτοσὶ
725 3316 923 3404 Σώστρατος
947 3315 982 3397 ές
1002 3314 1060 3385 τὸν
1080 3330 1217 3402 Περι-,η

151 3413 360 3504 φλεγέθοντα
377 3414 610 3506 ἐμβεβλήσθω,
631 3414 649 3487 ὁ
668 3419 704 3485 δέ
718 3418 892 3505 ’ἱερόσυλος
908 3415 976 3493 ἀπὸ
989 3424 1047 3505 τής
1058 3423 1184 3541 Χιμαί·

149 3542 214 3606 ρας
235 3517 544 3607 διασπασθήτω(
526 3547 544 3588 ο
568 3521 605 3591 δ
589 3520 794 3609 έτώραννος,
821 3511 848 3587 ώ
867 3517 980 3608 Ἑρμῆ,
1010 3517 1105 3609 παρὰ
1125 3517 1183 3588 τὸν

150 3615 271 3689 Τιτυὸν
293 3615 523 3701 ἀποταθελςῖ
504 3619 573 3693 υπδ
598 3629 665 3691 τῶν
686 3628 800 3710 γυπῶν
820 3623 877 3689 καὶ
898 3619 998 3703 αάτδς
1018 3626 1182 3713 κειρέσθω

151 3718 192 3788 τὸ
211 3708 319 3811 ήπαρ,
346 3718 440 3808 ὑμεῖς
466 3723 504 3790 δέ
530 3723 564 3791 οἱ
584 3722 756 3812 ἀγαθοὶ”
732 3748 833 3792 απιτε
852 3723 939 3791 κατὰ
959 3724 1059 3808 τοῖχος
1084 3722 1119 3805 ές
1142 3724 1181 3792 τὸ

149 3792 298 3891 Ἠλύσιον
314 3826 395 3894 πεδί
380 3832 431 3895 ίον
447 3824 556 3894 καὶ
519 3851 580 3906 τας
588 3826 746 3951 μακάρων
758 3827 877 3915 νήσους
889 3838 1083 3908 κατοικεῖτε,
1104 3823 1180 3895 ἀνθ

145 3912 200 4008 ὧν
218 3925 329 3994 δίκαια
347 3925 492 3998 δποιεῖτε
508 3927 605 4017 παρὰ
618 3926 677 3998 τὸν
692 3932 777 4016 βίον.

204 4040 311 4099 ΣΩΣΤ.
331 4023 495 4115 Λκονσον,
515 4021 544 4100 ὦ
562 4035 685 4116 Μίνως,
705 4031 739 4100 ει
753 4055 808 4101 σοι
826 4034 940 4105 δίκαια
956 4035 1018 4119 δδξ
998 4037 1044 4119 ξω
1063 4037 1179 4126 λέγειν.
