2752 4632
258 238 324 306 244
642 250 899 307 ΔΟΥΚΙΑΝΟΥ

340 508 466 579 ΠΕΡΙ
490 507 587 575 σου
611 506 704 574 Em
729 504 891 600 Μτεοη
918 470 1200 595 τενόντων.

224 686 239 735 1
308 666 375 731 Καὶ
389 667 429 731 τί
442 686 499 731 σοι
515 667 661 750 πρῶτον,
686 652 713 727 ιδ
732 661 884 749 φιλότης,
910 658 933 750 ἢ
954 666 988 731 τί
1005 657 1158 743 ὕστατον,
1186 664 1282 751 φασδ,

256 768 422 847 καταλέξω
444 764 568 831 τούτων
591 762 613 829 ά
634 762 774 846 πάσχειν
796 761 817 853 ἢ
843 776 953 831 ποιεῖν
978 761 1098 851 ἀνάγκη
1121 761 1199 844 τοὺς
1225 762 1285 832 ἐπὶ

256 873 372 954 μισθῷ
392 865 547 946 συνόντας
564 862 623 934 κάν
636 877 710 945 ταῖς
722 872 788 933 τῶν
801 862 1005 950 εὐδαιμόνων
1015 866 1141 934 τούτων
1154 869 1285 955 φιλίαις

257 969 518 1054 ἐξεταζομένους,
546 969 577 1035 εἰ
596 964 660 1056 χρὴ,
680 969 794 1063 φιλίαν
814 965 871 1055 τήν
897 968 1050 1055 τοιαύτην
1072 964 1180 1035 αάτιῦν
1206 970 1286 1036 δον,

255 1074 346 1140 λείαν
363 1070 596 1155 δπονομάζεινς
619 1065 694 1136 σλδα
712 1068 773 1156 γάρ
791 1067 900 1137 πολλὰ
921 1072 977 1137 καὶ
993 1069 1108 1153 σχεδὸν
1125 1067 1170 1137 τά
1188 1072 1285 1138 πλεῖ-

139 1239 141 1242 ,
254 1198 320 1242 στα
341 1180 407 1240 τῶν
430 1171 675 1258 συμβαινόντων
692 1167 824 1252 αὐτοῖς,
854 1168 912 1239 οὐκ
937 1168 1037 1251 αάτδς
1061 1170 1110 1257 μὰ
1132 1177 1204 1241 Δία
1222 1178 1284 1241 τοῦ

253 1275 410 1343 τοιούτου
436 1279 677 1363 πειραθείς-
700 1269 737 1341 οά
763 1269 825 1362 γάρ
852 1270 886 1340 έν
911 1270 1032 1361 ἀνάγκη
1053 1298 1113 1358 μοι
1133 1272 1153 1362 ή
1181 1288 1286 1364 πεῖρα
1308 1274 1311 1281 ’

253 1377 431 1465 ἐγεγένητο,
451 1377 547 1464 μηδὲ,
566 1366 595 1442 ιά
614 1377 701 1457 θεοὶ,
720 1378 846 1462 γένοιτο
865 1414 908 1425 -
926 1372 1009 1441 ἀλλά
1030 1378 1149 1445 πολλοὶ
1165 1382 1234 1444 τῶν
1252 1375 1301 1457 ἐς

255 1479 312 1548 τὸν
333 1485 407 1564 βίον
428 1485 543 1548 τοῦτον
567 1476 830 1562 ἐμπεπτωκότων
852 1475 1042 1567 ἐξηγόρευον
1063 1478 1151 1567 πρός
1170 1503 1229 1563 με,
1253 1477 1286 1546 οἱ

256 1583 315 1666 μὲν
334 1582 381 1650 ’ότι
399 1579 432 1650 ἐν
449 1587 496 1668 τῷ
509 1574 706 1667 κατιδόντες,
727 1575 973 1668 ἀποδυρόμενοι
984 1578 1097 1648 ὁπόσα
1107 1581 1165 1647 καὶ
1178 1576 1287 1649 δποῖα

257 1683 410 1766 ἔπασχον,
435 1682 468 1750 ολ
486 1684 521 1750 δὲ
540 1678 652 1770 ὥσπερ
673 1679 707 1748 έκ
725 1678 951 1771 δεσμωτηρίου
969 1680 1058 1763 τινὸς
1075 1679 1285 1771 ἀποδράντες

258 1782 316 1853 οὐκ
343 1783 452 1873 ἀηδῶς
478 1784 731 1873 μνημονεύοντες
758 1775 803 1852 ὦν
830 1782 1077 1853 ἐπεπόνθεσαν·
1110 1781 1194 1853 ἀλλὰ
1220 1783 1283 1876 γάρ

256 1883 475 1977 ηάφραίνοντο
502 1884 766 1972 ἀναλογιζόμενοι
795 1886 875 1954 οῗων
901 1883 1144 1974 ἀπηλλάγησαν.
1190 1883 1285 1969 ἀξια·

256 1989 451 2077 πιστότεροι
469 1979 603 2076 δὲ’ήσαν
622 1979 714 2056 οὗτοι
732 1987 788 2055 διδι
805 1990 930 2077 πάσης,
956 1985 1003 2067 ὡς
1020 1989 1134 2070 εἰπεῖν,
1151 1995 1214 2076 τής
1231 2015 1284 2058 τε-

257 2094 350 2181 λετής
369 2091 636 2178 διεξεληλυθότες
653 2092 708 2167 καὶ
729 2090 838 2157 πάντα
862 2090 898 2172 ἐξ
914 2087 1013 2177 ἀρχῆς
1035 2089 1069 2172 ές
1089 2094 1182 2170 τέλος
1200 2091 1283 2161 ἀπυ-

256 2194 465 2271 πτεόσαντες.
510 2189 549 2258 οὐ
576 2197 749 2280 παρέργως
775 2183 831 2259 οὖν
858 2190 935 2260 οὐδὲ
962 2190 1090 2277 ἀμελῶς
1120 2192 1283 2282 ἐπήκουον

257 2292 363 2363 αὐτῶν
380 2294 536 2382 καθάπερ
555 2300 709 2381 ναυαγίαν
721 2291 794 2362 τινδι
806 2298 861 2362 καὶ
875 2300 1036 2383 σωτηρίαν
1050 2292 1158 2363 αάταλν
1171 2295 1285 2387 παρά-

255 2400 351 2484 λογον
370 2399 598 2483 διηγουμένων,
623 2395 691 2464 οἶοί
708 2397 791 2465 εἰσιν
809 2396 842 2464 ολ
859 2394 946 2485 πρὸς
960 2410 1032 2477 τοῖς
1050 2397 1151 2487 ίεροῑς
1169 2395 1282 2487 ίξαρη-

255 2507 349 2584 μένοι
375 2498 434 2578 τὰς
460 2498 618 2587 κεφαλάς,
644 2499 777 2583 ,συνάμα
803 2501 923 2567 πολλοὶ
948 2497 1007 2579 τὰς
1032 2506 1207 2586 τρικυμίας
1228 2501 1283 2568 καί

257 2602 356 2684 ζάλας
373 2605 429 2668 καὶ
446 2598 633 2689 ἀκρωτήρια
650 2604 704 2667 καὶ
723 2599 858 2685 ἐκβολάς
878 2604 934 2668 καὶ
957 2602 1049 2691 ἱστοῦ
1072 2603 1207 2684 κλάσεις
1227 2604 1282 2670 καί
1347 2602 1348 2649 λ

255 2707 426 2793 πηδαλίων
454 2701 689 2783 ἀποκαυλίσεις
717 2704 903 2785 διεξιόντες,
937 2703 995 2772 ἐπὶ
1024 2711 1111 2773 πᾶσι
1137 2705 1174 2774 δδ
1206 2701 1283 2785 τοὺς

257 2806 458 2893 Διοσκόρους
476 2804 752 2893 ἐπιφαινομένους
769 2844 811 2854 -
829 2805 946 2874 οἰκεῖοι
966 2803 1028 2893 γάρ
1050 2812 1108 2894 τής
1124 2809 1283 2897 τσιαάτης

174 2954 178 2962 ·
255 2909 442 2995 τραγῳδίας
460 2898 553 2974 οὗτοί
570 2932 606 2993 γε
624 2945 666 2954 -
683 2903 704 2994 ή
721 2903 778 2973 τιν’
796 2905 893 2977 ἀλλον
912 2907 1104 2996 έκμηχανής
1120 2905 1206 2976 θεὸν
1224 2908 1282 2978 ἐπὶ

255 3015 302 3096 τῷ
320 3013 484 3096 καρχησίῳ
502 3008 722 3093 καθεζόμενον
739 3005 760 3095 ή
778 3008 864 3095 πρὸς
879 3023 951 3089 τοῖς
963 3012 1141 3098 πηδαλίοις
1152 3009 1282 3079 ἑστῶτα

255 3114 311 3181 καλ
329 3111 414 3197 πρός
431 3137 505 3179 τινα
521 3108 603 3200 ᾐόνα
620 3109 765 3198 μαλακήν
789 3108 1021 3180 ἀπευθύνοντα
1042 3111 1100 3201 τήν
1122 3119 1219 3196 ναῦν,
1249 3109 1284 3179 οἷ

255 3220 517 3302 προσενεχθεῖσα
535 3209 722 3296 ἔμελλεν’
683 3210 763 3300 αντη
781 3215 840 3297 μὲν
858 3212 962 3303 ήρέμα
983 3216 1039 3283 καὶ
1058 3212 1143 3283 κατὰ
1161 3212 1280 3303 σχολὴν

256 3315 540 3404 διαλυθήσεσθαι,
569 3310 715 3382 αάτοίδ
732 3312 892 3404 ἀσφαλῶς
914 3313 1153 3441 ἀποβήσεσθαι
1167 3318 1280 3404 χάριτι
1338 3330 1340 3385 J

254 3415 360 3487 κάλ’
327 3443 438 3502 ευμενε
441 3422 475 3507 tq
492 3422 550 3487 τοῦ
569 3423 662 3485 θεοῦ.
699 3415 815 3485 ἐκεῖνον
832 3409 950 3501 μὲν
912 3442 967 3485 ουν
984 3416 1027 3485 τὰ
1048 3416 1157 3487 πολλὰ
1173 3425 1280 3486 ταῦτα
1335 3394 1339 3527 J

254 3518 340 3609 πρὸς
357 3518 413 3609 τήν
424 3517 580 3607 χρείαν
547 3546 604 3609 την
617 3524 804 3644 παραυτίκα
818 3516 1152 3608 ἐπιτραγῳδοῦσιν,
1126 3545 1172 3601 ως
1185 3518 1279 3606 παρὰ

254 3622 416 3692 πλειόνων
434 3620 630 3707 λαμβάνοιεν
648 3646 685 3688 ου
674 3617 873 3705 ’δυστυχεῖς
889 3624 998 3706 μόνον,
1023 3619 1178 3689 ἀλλὰκαὶ
1197 3630 1279 3690 θεο-

221 3746 238 3794 κ
256 3727 365 3813 φιλεῖς
381 3748 467 3802 τινες
484 3720 568 3792 εἶναι
586 3723 763 3804 δοκοῦντες.
799 3724 833 3792 ολ
855 3725 891 3799 δέ
912 3723 989 3804 τοὺς
1011 3724 1044 3792 έν
1060 3737 1135 3804 ταῖς
1157 3724 1278 3803 οἰκίαις

252 3833 416 3913 χειμῶνας
436 3827 492 3892 καὶ
512 3823 572 3905 τὰς
593 3832 763 3913 τρικυμίας
785 3830 839 3893 καὶ
860 3825 897 3914 νή
917 3834 981 3895 Δία
1004 3828 1228 3910 πεντακυμίας
1244 3848 1279 3893 τι

255 3932 310 3996 καὶ
328 3929 530 4013 δεκακυμίας,
550 3928 580 3997 εί
598 3927 721 3996 οἷόντε
740 3929 853 4010 εἰπεῖν,
874 3928 1087 4016 διηγούμενοι,
1106 3931 1162 3995 καὶ
1179 3927 1229 4006 ιδς
1241 3923 1278 3993 τό

256 4037 388 4116 πρῶτον
406 4030 628 4114 εἰσέπλευσαν,
651 4035 790 4120 γαληνοῦ
807 4028 1073 4120 ἀποφαινομένου
1096 4037 1156 4098 τοῦ
1172 4029 1279 4097 πελά·
1321 4100 1322 4103 ,
