2740 4648
215 194 280 262 298
556 294 559 299 v
600 208 795 265 ΛΟΥΚΙΑΝ
801 209 855 265 ΟΥ

215 339 320 382 τυπον
337 310 358 402 ἢ
376 310 504 381 ἀσπίδα
522 310 707 403 ὠμοβοΐνην
724 319 928 403 προθέμενοι
947 314 1167 397 διελαύνουσι,
1190 317 1247 383 καλ

217 408 303 485 ούτω
313 416 509 487 πιστεύουσι
517 412 576 484 κᾶν
586 412 627 484 δι’
635 410 854 504 όπλωνόφίσι
859 423 1009 507 χωρῆσαι
1017 416 1094 499 τοὺς
1104 418 1246 498 οἰστούς.
1279 476 1282 481 .

192 600 194 604 ,
217 519 292 593 εἰπὲ
308 522 426 600 τοίνυν,
446 508 615 601 ολΛυκῖυε,
634 515 713 608 παρ’
724 516 816 607 ἡμῶν
826 516 1010 607 Ἑρμοτίμῳ
1028 516 1083 588 ότι
1100 519 1135 587 οί
1152 521 1248 588 διδά-

218 623 334 690 σκαλοι
351 617 451 688 αύτυῦ
469 646 620 710 φρυγανα
636 626 842 710 προθέμενοι
859 623 1145 704 κατατοξεύουσιν,
1174 619 1247 690 εἶτά

217 747 321 813 φασιν
335 718 461 812 ἀνδρῶν
475 720 691 809 ὡπλισμένων
699 728 934 815 κεκρατηκέναι
953 728 1009 791 καὶ
1019 724 1146 805 εἰκόνας
1154 721 1248 812 ἡμῶν

173 852 177 881 ;
217 825 426 916 γραψάμενοι
447 826 648 895 πυκτεύουσι
661 824 756 915 πρὸς
778 825 913 908 ἐκείνας,
942 829 999 894 καὶ
1017 826 1245 915 κρατήσαντες,

208 926 265 1010 ἰύς
286 926 325 997 τδ
348 926 494 1011 εἰκὸς,τ
475 934 568 1016 ημῶν
593 941 722 1017 κρατεῖν
749 929 884 997 οιουται.
926 926 1009 996 ἀλλὰ
1036 936 1181 1019 φαίημεν
1207 956 1249 997 αν

218 1031 355 1112 ἕκαστος
375 1028 461 1117 πρὸς
487 1028 607 1155 αύτοης
632 1029 675 1100 τδι
700 1057 759 1102 του
744 1028 945 1116 Αχιλλέως
971 1027 1142 1116 ἒκεῖυα,“
1119 1059 1141 1098 α
1164 1057 1250 1123 φησι

218 1135 373 1223 περὶτοῦ
383 1129 544 1224 Έκτορος,
563 1130 617 1203 ότι

357 1234 400 1305 Ού
418 1235 480 1326 γὰρ
499 1235 577 1325 έμης
592 1237 739 1327 κόρυθος
756 1240 932 1306 λεύσσουσι
948 1242 1128 1322 μέτωπον.

166 1361 201 1411 84
217 1346 323 1411 ταῦτα
339 1340 399 1426 μὲν
416 1339 508 1407 οῖ’
468 1363 654 1424 συμπαυτες
672 1338 704 1407 έν
721 1346 768 1428 τῷ
785 1345 879 1428 μέρει
896 1340 1040 1420 ἕκαστος.
1073 1336 1091 1407 ὃ
1107 1340 1251 1417 Πλάτων

214 1438 251 1509 δ’
263 1438 303 1509 άυ
320 1467 379 1527 μοι
401 1442 567 1509 δοκεῖκαὶ
590 1442 819 1531 διηγήσασθαί
838 1470 872 1510 τι
893 1449 959 1511 τῶν
982 1441 1016 1509 ἒκ
1032 1445 1194 1523 Σικελίας
1205 1440 1251 1522 ὦς
1351 1472 1352 1475 ’

198 1531 260 1614 ’δυ
283 1542 381 1624 είδώς
400 1542 443 1610 τὰ
464 1546 619 1611 πλεῖστα·
646 1551 694 1634 τῷ
715 1543 777 1632 γάρ
800 1551 991 1633 Συρακοσίῳ
1014 1548 1138 1614 Γέλωνί
1164 1570 1251 1634 φασι

126 1645 129 1655 ’
214 1645 366 1725 ’δυσῶδες
388 1642 532 1713 εἶναιτὸ
556 1647 663 1733 στόμα
684 1650 857 1715 καὶτοῦτο
881 1646 938 1716 ἐπὶ
960 1646 1046 1716 πολύ
1074 1649 1252 1715 διαλαθεῖν

220 1746 327 1829 αύτὸυ,
348 1744 481 1828 ούδενδς
497 1750 683 1834 τολμῶντος
702 1748 839 1836 ἐλέγχειν
856 1750 1010 1836 τύραννον
1024 1748 1135 1839 άνδρα,
1154 1755 1252 1839 μέχρι
1351 1792 1352 1839 3

221 1851 261 1940 δη
270 1876 345 1919 τινα
352 1863 488 1939 γυναῖκα
502 1853 592 1939 ξένην
606 1859 854 1934 συνενεχθεῖσαν
863 1849 952 1940 αὕτη]
965 1855 1128 1941 τολμῆσαι
1140 1879 1252 1921 κατει-

220 1967 297 2023 πεῖν
320 1950 415 2033 όπως
436 1953 521 2037 ἕχον·
547 1951 604 2023 τὸν
627 1955 663 2022 δὲ
684 1952 777 2041 παρὰ
795 1952 852 2042 τὴν
873 1964 1009 2041 γυναῖκα
1032 1953 1175 2022 ἐλθόντα
1192 1954 1252 2043 τὴν

221 2055 339 2124 ἑαυτοῦ
366 2054 560 2144 ὀργίζεσθαι
586 2046 640 2124 ότι
666 2053 724 2124 οόκ
751 2055 888 2145 ἐμήνυσε
909 2056 995 2145 πρὸς
1017 2054 1116 2125 αύτδν
1143 2057 1253 2126 εἰδυῖα

219 2158 364 2244 μάλιστα
382 2157 439 2246 τὴν
458 2160 636 2240 δυσωδίαν,
664 2156 721 2248 τὴν
740 2160 777 2226 δὲ
793 2166 1037 2249 παραιτεῖσθαι
1060 2159 1253 2248 συγγνώμην

221 2261 304 2344 ἔχειν
322 2257 420 2350 αὐτῇ·
446 2256 514 2329 ύπὸ
531 2259 593 2348 γὰρ
611 2267 671 2329 τοῦ
687 2261 732 2350 μὴ
751 2268 985 2352 πεπειρᾶσθαι
1008 2259 1108 2330 άλλου
1133 2259 1253 2349 ἀνδρὸς

220 2363 304 2449 μηδὲ
332 2358 489 2452 ὁμιλῆσαι
516 2367 657 2452 πλησίου
689 2364 846 2453 οἰηθῆναι
872 2360 981 2433 ἅπασι
1010 2378 1083 2446 τοῖς
1110 2363 1254 2455 ἀνδράσι

220 2467 354 2560 τοιοῦτό
379 2492 413 2532 τι
439 2462 602 2534 ἀποπνεῖν
627 2473 686 2534 τοῦ
714 2466 888 2551 στόματος.
933 2470 989 2535 καὶ
1015 2465 1034 2536 δ
1057 2465 1254 2555 Ἑρμότιμος

221 2573 396 2657 τοιγαροῦν
418 2564 475 2636 άτε
496 2569 612 2654 μόνοις
637 2581 709 2649 τοῖς
729 2581 890 2649 Στωϊκοῖς
916 2567 1034 2655 συνιύυ,
1062 2575 1145 2659 φαίη
1169 2568 1209 2638 δν
1234 2568 1252 2639 ό

221 2671 377 2751 Πλάτων,
406 2670 541 2750 εἰκότως
562 2669 675 2759 ύγυοεῖ
695 2667 799 2739 ὁποῖα
819 2678 886 2739 τῶν
908 2668 1015 2740 ἄλλων
1036 2673 1078 2740 τὰ
1100 2674 1254 2759 στόματά

223 2772 320 2842 ἐστιν.
349 2768 450 2857 όμοια
466 2770 499 2841 δ’
511 2770 550 2842 δυ
567 2777 623 2841 καί
635 2774 837 2863 Χρύσιππος
855 2775 946 2843 ε’ύποι
958 2772 980 2864 ἢ
994 2775 1042 2843 ἐ’τι
1055 2779 1161 2843 πλείω
1174 2777 1251 2845 τού·

222 2901 296 2955 των,
316 2875 411 2964 εἴπερ
428 2873 536 2943 λιπὼν
554 2872 803 2966 αύτδνάκριτου
822 2876 879 2944 ἐπί
895 2875 937 2945 τὰ
955 2878 1131 2957 Πλάτωνος
1149 2875 1256 2968 ὁρμή-

227 3002 324 3062 σαιμι
348 2978 530 3057 πιστεύσας
554 2981 620 3045 τιυὶ
644 2984 710 3045 τῶν
736 2980 827 3067 μόνην
850 2981 1003 3048 Πλάτωνι
1029 2977 1254 3069 ὡμιληκότων.

223 3078 272 3148 ἑνί
287 3104 323 3147 τε
341 3080 427 3167 λόγῳ
447 3080 588 3148 συνελών
606 3106 706 3169 φημι,
725 3078 802 3171 άχρι
813 3079 860 3169 ,όν
878 3078 998 3170 άδηλον
1015 3073 1036 3172 ᾖ
1053 3088 1104 3162 τίς
1122 3079 1255 3172 ἀληθής

225 3182 295 3251 ἐστι
307 3187 501 3306 προαίρεσις
516 3181 548 3250 ἓν
562 3185 756 3307 ηιλοσοφίηι,
775 3185 937 3272 μηδεμίαν
951 3185 1138 3271 αἱρεῖσθαι·
1156 3181 1255 3276 ύβρις

223 3283 284 3374 γύιρ
304 3283 390 3364 ἐς
354 3310 415 3365 τας
433 3281 583 3366 ύλλας
550 3311 588 3353 το
606 3293 766 3355 τοωύτον.

173 3408 207 3458 85
275 3403 360 3460 EPM
391 3378 424 3456 Ὠ
440 3398 572 3469 Λυκῖνε,
601 3388 686 3477 πρὸς
703 3396 760 3477 τῆς
774 3385 863 3457 Ἐστί
862 3415 914 3470 ας,
942 3390 1158 3459 Πλάτωνα
1120 3416 1180 3475 μευ
1197 3393 1255 3459 καλ

220 3485 441 3578 Αριστοτέλην
469 3487 608 3560 καίΕπ
550 3498 738 3616 Επίκουρρν
763 3494 819 3559 καί
847 3491 924 3572 τοὺς
955 3489 1119 3618 ύλλρυς’
1099 3506 1256 3582 ατρεμεῖν

225 3591 388 3677 ἐάσωμεν·
406 3589 445 3660 ού
463 3592 525 3716 γὰρ
543 3621 604 3661 κατ
600 3591 716 3680 'M'
697 3619 843 3681 αυταγων
846 3592 1036 3676 ίζεσθαι’
997 3607 1125 3677 αυτοῖς·
1142 3621 1188 3663 νω
1176 3592 1254 3679 δὲ,

226 3693 290 3781 ίγω
312 3719 349 3763 τε
371 3692 478 3762 καί
443 3720 493 3778 συ,
513 3693 598 3786 Q*
580 3700 671 3785 ημῶν
694 3693 801 3765 αύτιῦν
824 3696 1025 3782 ἐξετάσωμεν
1048 3697 1078 3765 εί
1098 3697 1256 3766 τοιοῦτόν

226 3795 351 3867 ίοτιτο
372 3801 575 3891 φιλοσοφίας
592 3797 841 3888 πρᾶγμα,ολον
860 3799 922 3888 ίγοί
946 3826 1033 3889 φημι
1054 3795 1135 3868 αύτδ
1154 3796 1257 3869 alm

225 3899 402 3980 Αἰθίοπας
418 3902 457 3969 δέ
472 3925 513 3989 γε·
525 3899 547 3990 ἢ
563 3929 621 3991 την
637 3905 785 3983 Γέλωνος
801 3901 1073 3991 γυναῖκατίίύδει
1089 3902 1257 3971 καλεῖυέκ
1351 3888 1352 3933 ί

224 4011 441 4090 Συρακουσων
459 4002 566 4073 ἐπὶ
533 4031 590 4073 τον
607 4005 720 4094 λόγους
