2740 4648
109 308 114 315 .
228 245 293 315 328
326 220 336 241 ’
613 254 870 340 κοκκικαοκ

226 364 370 449 νόμενοι,
387 365 454 430 ,καί
474 363 507 432 εί
524 361 590 431 ποό
612 387 648 449 γε
670 367 786 450 φανείη
811 359 924 445 μόνω,
950 349 1113 431 ἐδείκνυτο
1139 356 1179 429 ἀν
1199 366 1246 451 τῷ

228 467 384 554 δρκτόλφ,
405 456 500 544 οὗτος
518 464 636 545 ἐκεῖνος
646 461 818 552 Ἡρόδοτός
835 461 932 545 ἔστιν,
953 459 970 530 5
988 461 1048 544 τὰς
1064 463 1172 548 μάχας
1187 462 1247 546 τὰς

226 569 388 657 Περσικὰς
405 566 503 636 Ἰαστί
525 563 769 655 συγγεγραφὼς,
795 561 815 632 5
836 563 897 645 τάς
917 570 1008 649 νίκας
1028 562 1121 654 ἡμῶν
1147 562 1246 654 ἀμνή-

227 695 296 750 σας.
340 676 477 737 τοιαῦτα
503 667 623 748 ἐκεῖνος
649 665 815 736 ἀπέλαυσε
839 673 905 735 τῶν
932 666 1103 756 ἱστοριῶν,Ι
1127 665 1160 735 έν
1185 673 1250 757 μιᾷ

227 772 353 859 συνόδῳ
374 771 545 859 πάνδημόν
570 796 643 839 τινα
667 771 722 837 καὶ
747 766 854 856 κοινὴν
880 776 994 860 ψῆφον
1019 774 1077 857 τῆς
1094 766 1245 850 Ἑλλάδος

225 872 335 960 λαβὼν
356 877 410 940 καὶ
433 871 670 961 ἀνακηρυχθεὶς
689 869 747 955 οάχ
771 867 913 959 ὑφ’ένός
938 868 986 955 μά
1008 878 1074 940 Δία
1098 871 1244 960 κήρυκος,

226 973 293 1062 ἀλλ’
306 974 339 1043 ἓν
357 972 470 1063 ἀπάσῃ
484 977 590 1057 πόλει,
611 971 691 1043 ὅθεν
705 973 837 1053 ἕκαστος
850 964 887 1061 ἦν
900 978 966 1048 τῶν
982 980 1245 1062 πανηγυριστῶν·

192 1073 308 1165 εόπερ
326 1073 460 1165 ὕστερον
477 1077 730 1165 κατανοήσαντες
752 1075 910 1161 ἐπίτομόν
930 1088 1003 1143 τινα
1025 1076 1146 1162 ταύτην
1168 1070 1246 1142 όδόν
1351 1120 1352 1165 1

227 1179 260 1260 ές
281 1187 399 1268 γνῶσιν
416 1171 548 1272 ‘Iunas
568 1203 604 1246 τε
627 1176 645 1246 5
672 1177 849 1267 έπιχοίρως
873 1174 982 1244 ἀἀτῶν
1009 1175 1171 1265 σοφιστὴς
1190 1180 1250 1244 καλ
1351 1212 1352 1273 3

223 1282 386 1370 Πρόδικος
407 1279 425 1349 5
448 1291 545 1358 Κεῖος
565 1283 620 1346 καί
640 1277 841 1366 Ἀναξιμένης
866 1277 885 1346 5
907 1288 991 1358 Χῖος
1011 1281 1066 1345 καὶ
1087 1280 1205 1356 Πῶλος
1226 1275 1247 1344 5
1351 1282 1352 1287 ’

221 1380 462 1472 Ἀκραγαντῖνος
486 1385 543 1448 καλ
568 1379 662 1449 άλλοι
689 1384 798 1464 συχνοὶ
817 1381 942 1467 λόγους
969 1381 1077 1467 όλεγον
1107 1378 1160 1446 ἀεὶ
1189 1381 1249 1446 καλ

226 1482 321 1552 αάτοί
342 1483 431 1575 πρὸς
448 1482 504 1571 τὴν
526 1484 718 1570 πανήγυριν,
746 1480 803 1570 ἀφ’
820 1473 865 1549 ῶν
889 1483 1046 1569 γνώριμοι
1073 1480 1106 1549 ίν
1128 1487 1249 1568 βραχεῖ

190 1584 395 1673 εάγίγνοντο.
431 1588 485 1651 καὶ
507 1590 617 1653 τίσοι
635 1584 715 1664 τοὺς
736 1582 898 1664 παλαιοὺς
921 1583 1060 1663 ἐκείνους
1082 1586 1165 1670 λέγω
1188 1607 1252 1650 σο·

224 1687 347 1776 φιστάς
368 1689 423 1755 καὶ
444 1692 650 1774 συγγραφέας
671 1688 725 1752 καὶ
747 1687 985 1775 λογογράφους,
1012 1681 1099 1754 όπόυ
1126 1687 1182 1752 καὶ
1203 1680 1248 1752 τά

223 1790 394 1857 τελευταῖα
413 1795 517 1856 ταῦτα
537 1792 591 1855 καὶ
605 1785 756 1857 Ἀετίωνά
778 1810 863 1876 φασι
879 1781 939 1856 τόν
960 1787 1142 1876 ζωγράφον,
1165 1787 1248 1875 γρά·

224 1904 336 1977 ψαντα
360 1889 418 1960 τόν
436 1888 591 1978 Ῥωξάνης
617 1894 672 1967 καί
691 1888 897 1979 Ἀλεξάνδρου
923 1890 1041 1976 γάμον,
1069 1888 1117 1970 είς
1134 1886 1250 1974 Ὀλυμ.

223 1997 304 2061 πίαν
320 1997 375 2060 καὶ
393 1991 492 2077 αότδν
510 1990 672 2079 ἀγαγόντα
688 1991 745 2079 την
763 1992 871 2060 εἰκόνα
889 1990 1137 2073 ἐπιδείξασθαι,
1157 1986 1248 2058 ῶστε

223 2097 434 2183 Προξενίδαν,
458 2092 678 2182 Ἑλλανοδίκην
700 2095 775 2163 τότε
798 2091 889 2175 ὄντα,
915 2091 1062 2181 ἡσθέντα
1082 2099 1123 2182 τῇ
1147 2097 1240 2181 τέχνη

189 2194 368 2285 σγαμβρὸν
388 2197 609 2285 ,ποιήσασθαι
637 2194 694 2264 τὸν
715 2193 874 2265 Ἀετίωνα.
921 2198 976 2263 καὶ
1001 2202 1036 2262 τί
1060 2192 1099 2263 τό
1126 2199 1249 2280 θαῦμα

223 2298 294 2385 ἐνῆν
311 2304 349 2386 τῇ
366 2305 477 2387 γραφῇ
495 2295 610 2380 αὐτοῦ,
629 2294 724 2385 ἤρετό
741 2324 806 2380 τις,
826 2295 871 2378 ῶς
887 2295 944 2365 τόν
959 2294 1182 2385 Ἑλλανοδίκην
1200 2293 1244 2364 δι’

223 2397 303 2470 αάτὸ
326 2397 385 2467 οὐκ
408 2398 573 2488 ἐπιχωρίῳ
595 2406 642 2487 τῷ
655 2397 797 2469 Ἀετίωνι
819 2399 1038 2485 συνάψασθαι
1046 2398 1115 2487 ’τῆς
1134 2404 1248 2481 θυγα-

221 2500 298 2589 τρὸς
319 2499 376 2569 τὸν
396 2502 518 2589 γάμους
543 2501 632 2569 ἔστιν
656 2499 676 2590 ἦ
704 2499 798 2568 είκῶν
820 2500 854 2568 έν
872 2498 1004 2590 Ἰταλίην,
1031 2495 1120 2588 κάγὼ
1143 2496 1248 2583 elder,

223 2598 379 2671 ὥστεκαὶ
401 2607 456 2671 σοί
477 2599 517 2672 ἀν
539 2603 644 2672 εἰπεῖν
667 2602 782 2687 ἔχοιμι.
818 2601 973 2686 θάλαμός
995 2601 1066 2670 ἐστι
1086 2605 1251 2689 περααλ

221 2704 278 2793 λης
294 2708 350 2773 καὶ
366 2708 455 2795 κλίνη
473 2703 628 2794 νυμφικη,
651 2708 708 2772 καί
724 2703 744 2794 ἡ
759 2702 893 2791 Ῥωξάνη
911 2703 1057 2791 κάθηται
1073 2704 1248 2790 πάγκαλόν

220 2834 254 2874 τι
269 2815 376 2896 χρῆμα
393 2813 563 2896 παρθένου
582 2806 615 2886 ἐς
630 2813 688 2896 γῆν
706 2804 831 2897 δρῶσα,
850 2806 1023 2892 αἰδουμένη
1042 2804 1167 2875 ἑστῶτα
1182 2803 1249 2873 τόν

219 2904 434 2994 Ἀλέξανδρον.
462 2906 600 2996 Ἔρωτες
621 2908 660 2975 δέ
674 2933 759 2988 τινες
779 2909 969 2993 μειδιῶντες
984 2904 1005 2975 δ
1021 2909 1081 2993 μὲν
1101 2906 1245 2976 κατόπιό

222 3009 369 3098 ίφεστῶς
387 3008 509 3095 ἀπάγει
526 3014 584 3095 τῆς
600 3012 741 3096 κεφαλῆς
758 3008 815 3096 τὴν
832 3010 1086 3096 καλόπτραυκαί
1099 3010 1247 3079 δείκνυσι

220 3117 267 3199 τῷ
285 3116 414 3198 νυμφίῳ
432 3109 489 3197 τὴν
497 3107 660 3195 Ῥωξάνην,
680 3107 697 3175 5
712 3111 749 3176 δέ
761 3136 812 3190 τις
824 3112 913 3194 μάλα
927 3113 1084 3190 δουλικῶς
1103 3107 1250 3200 ἀφαιρεῖ

219 3211 258 3281 τό
277 3212 451 3281 σανδάλιον
469 3210 503 3277 ἐκ
520 3217 578 3301 τοῦ
596 3208 714 3291 ποδὸς,
737 3208 784 3292 ῶς
801 3215 1024 3283 κατακλίνοιτο
1041 3208 1117 3299 ἤδη,
1140 3209 1251 3292 ἀλλος

219 3321 278 3402 τῆς
301 3315 451 3398 χλανίδος
475 3320 533 3381 τοῦ
556 3311 761 3402 Ἀλεξάνδρου
790 3313 1035 3401 ἀπειλημμένος,
1060 3311 1164 3400 Ἔρως
1185 3315 1246 3381 καλ

184 3460 186 3467 1
221 3407 329 3498 οὗτος,
354 3416 437 3485 ἕλκει
455 3413 552 3484 αὐτὸν
570 3414 656 3504 πρὸς
671 3413 729 3502 τὴν
742 3413 895 3504 Ῥωξάνην
916 3417 1003 3483 πάνυ
1022 3421 1144 3500 βιαίως
1165 3415 1248 3485 έπι·

192 3559 195 3565 ·
220 3519 402 3604 σπώμενος,
421 3515 439 3586 5
457 3515 609 3603 βασιλεὺς
627 3518 663 3583 δὲ
680 3515 778 3597 αὐτὸς
793 3519 852 3602 μέν
870 3516 1030 3607 στέφανόν
1046 3542 1119 3585 τινα
1132 3512 1246 3606 δρέγει

219 3626 258 3719 τῇ
276 3622 387 3701 παιδί,
412 3621 558 3707 πάροχος
575 3619 611 3685 δὲ
632 3621 686 3687 καὶ
703 3619 920 3708 νυμφαγωγὸς
933 3617 1133 3708 Ἡφαιστίων
1154 3642 1246 3703 συμ-

218 3723 361 3810 πάρεστι
378 3722 463 3810 δᾷδα
480 3725 636 3808 καομένην
653 3719 741 3803 ἔχων,
760 3726 918 3809 μειρακίῳ
935 3720 1022 3790 πάνυ
1035 3717 1148 3810 ῶραίῳ
1160 3718 1249 3789 ἐπε·

219 3824 420 3912 ρειδόμενος,
447 3820 608 3907 Ὑμέναιος
629 3819 724 3906 οίμαί
745 3821 846 3890 ἐστιν·
873 3820 911 3889 οό
929 3821 991 3910 γὰρ
1013 3822 1248 3912 ἐπεγέγραπτο

219 3922 373 4010 τοόνσμα.
416 3922 557 4011 ἑτέρωθι
581 3926 619 3990 δὲ
644 3931 702 4012 τῆς
727 3924 850 4005 εἰκόνος
881 3921 975 3993 ἀλλοι
992 3921 1131 4011 Ἔρωτες
1156 3928 1247 3993 παί-

221 4026 330 4106 ζουσιν
344 4025 376 4093 έν
388 4038 459 4105 τοῖς
472 4023 589 4105 όπλοις
601 4033 658 4093 τοῦ
668 4024 885 4121 Ἀλεξάνδρου,
903 4026 963 4095 δόο
974 4026 1032 4112 μέν
1050 4023 1108 4114 την
1121 4026 1252 4115 λόγχην
