2740 4648
248 241 314 308 260
632 252 885 308 ΔοεΚΙΑωοε
947 253 951 259 ’

251 365 379 444 μένους.
415 353 474 425 κάν
496 356 529 425 ἐν
551 382 586 425 τι
607 347 665 424 οῦν
686 358 810 424 τούτων
831 354 936 445 ἡδέως
958 353 998 423 άν
1018 361 1139 444 γένοιο,
1168 352 1214 436 ὥς
1230 355 1274 446 μὴ

252 458 442 548 ἀπόβλητος
461 461 515 527 καλ
538 457 693 548 περιττός
717 460 796 547 ε’ίης.
832 456 901 526 ἄλλ’
918 455 995 526 οῦδὲ
1017 457 1104 546 πρὸς
1126 465 1234 527 ταῦτα
1257 457 1275 527 ό

251 565 458 647 κακοδαίμων
476 560 623 642 πιθανὸς
640 559 680 630 εί.
705 568 877 651 τοιγαροῦν
892 560 1012 650 ἀνάγκη
1025 567 1207 646 μειοῦσθαι
1221 564 1277 630 καὶ

201 686 235 737 28
253 671 365 754 σιωπῇ
384 663 562 748 ἀνέχεσθαι
578 661 812 749 ὑποιμώζοντα
828 666 884 731 καὶ
900 661 1131 749 άμελοόμενον.
1166 660 1206 752 ἢν
1218 665 1277 750 μδν

252 767 314 856 γάρ
331 773 471 857 κατείπῃ
489 774 550 837 σοῦ
567 792 620 848 τις
636 766 787 861 ψιθυρὸς
804 766 929 855 οἰκέτης
947 763 993 847 ὦς
1009 765 1111 851 μόνος
1124 763 1183 833 οῦκ
1196 765 1278 857 ἐπῄ-

253 895 321 949 νεις
336 869 394 939 τὸν
411 876 468 959 τῆς
490 872 666 958 δεσποίνης
686 871 862 938 παιδίσκον
885 865 1080 958 ὀρχούμενον
1101 864 1123 957 ἢ
1143 874 1278 956 κιθαρί-

254 974 364 1055 ζοντα,
391 964 537 1053 κίνδυνος
558 970 596 1040 οῦ
618 970 735 1061 μικρὸς
757 970 791 1039 ἐκ
812 977 873 1039 τοῦ
894 971 1100 1060 πράγματος.
1132 968 1193 1060 χρὴ
1220 962 1278 1040 οὖν

251 1082 407 1164 χερσαίου
424 1076 589 1165 βατράχου
609 1075 699 1164 δίκην
717 1076 868 1161 διψῶντα
885 1078 1082 1163 κεκραγέναι,
1102 1070 1148 1153 ὥς
1162 1072 1280 1164 ἐπίση-

253 1205 316 1264 μος
334 1178 392 1267 ἐση
410 1177 443 1247 ἐν
458 1190 531 1258 τοῖς
549 1176 722 1246 ἐπαινοῦσι
739 1180 795 1245 καὶ
811 1188 992 1266 κορυφαῖος
1009 1174 1279 1261 ἐπιμελούμενον·

253 1282 413 1360 πολλάκις
439 1281 476 1348 δέ
500 1282 556 1347 καὶ
580 1286 646 1348 τῶν
672 1277 780 1348 άλλων
802 1279 1040 1368 σιωπησάντων
1054 1275 1162 1348 «αῦτὸν
1187 1277 1282 1347 ἐπεω

254 1396 330 1452 πεῖν
349 1381 541 1468 ἐσκεμμένον
557 1380 632 1451 τινὰ
649 1381 784 1450 ἐπαινον
805 1380 929 1470 πολλὴν
950 1380 1007 1469 τὴν
1028 1384 1199 1449 κολακείαν
1221 1379 1280 1467 ἐμ-

256 1492 465 1583 φανιοῦντα,
484 1482 523 1554 τὸ
550 1486 608 1569 μέν
633 1484 695 1572 γὰρ
725 1488 811 1573 λιμῷ
838 1487 976 1553 συνόντα
1005 1487 1062 1550 καλ
1075 1483 1124 1586 ,νὴ
1151 1488 1217 1551 Δία
1243 1509 1280 1571 γε

256 1588 408 1674 διφῶντα
424 1588 516 1677 μύρῳ
533 1592 691 1677 χρίεσθαι
707 1590 764 1655 καὶ
782 1592 1030 1677 στεφανοῦσθαι
1047 1583 1104 1674 τὴν
1125 1583 1279 1676 κεφαλὴν,

254 1686 359 1777 ἠρέμα
380 1693 436 1757 καὶ
456 1693 598 1777 γελοῖον·
625 1689 734 1770 ἐσικας
754 1689 816 1779 γάρ
838 1691 914 1758 τότε
937 1691 1037 1778 στήλῃ
1059 1689 1168 1757 διόλου
1190 1686 1281 1769 τινός

249 1788 368 1881 νεκροῦ
387 1790 523 1879 άγοντος
541 1791 753 1879 ἐναγίσματα·
775 1796 831 1860 καὶ
847 1792 909 1880 γὰρ
928 1792 1049 1860 ἐκείνου
1067 1796 1281 1876 καταχέαντες

255 1893 359 1982 μύρον
383 1897 439 1960 καὶ
464 1893 520 1962 τὸν
548 1901 708 1984 στέφανον
735 1893 909 1975 ἐπιθέντες
940 1893 1034 1962 αὐτοὶ
1064 1900 1198 1962 πίνουσι
1223 1895 1281 1960 καὶ

206 2017 239 2065 29
257 1993 456 2079 εὐωχοῦνται
477 1995 520 2064 τὰ
541 2003 840 2086 παρεσκευασμένα.
876 1995 915 2085 ἢν
936 1995 1078 2085 μὲνγὰρ
1104 1997 1159 2062 καὶ
1185 1995 1283 2083 ζηλό-

256 2099 362 2178 τυπός
382 2124 434 2178 τις
454 2090 475 2188 ᾗ
497 2102 554 2166 καὶ
574 2101 694 2179 παῖδες
716 2097 881 2189 εύμορφοι
902 2091 984 2167 ὦσιν
1005 2097 1027 2188 ἢ
1048 2104 1104 2165 νέα
1125 2097 1202 2188 γυνη
1225 2102 1282 2165 καί

258 2198 296 2268 σὺ
314 2200 359 2288 μὴ
377 2205 547 2281 παντελῶς
564 2203 679 2288 πόρρω
695 2200 887 2292 Ἀφροδίτης
903 2204 959 2268 καὶ
976 2206 1128 2290 Χαρίτων
1145 2192 1199 2290 ᾖς,
1224 2199 1282 2269 οόκ
1360 2262 1361 2271 ,

258 2302 291 2369 ἐν
317 2304 425 2392 εἰρήνῃ
452 2303 491 2371 τὸ
517 2311 655 2392 πρᾶγμα
677 2300 783 2372 σύδό
811 2305 957 2384 κίνδυνος
983 2301 1280 2393 εὐκαταφρόνητος·

258 2394 328 2471 ὦτα
345 2406 406 2494 γὰρ
424 2409 480 2473 καὶ
498 2402 674 2493 ὀφθαλμοί
693 2410 856 2492 βασιλέως
878 2410 1011 2488 πολλοὶ,
1040 2404 1079 2475 ού
1101 2407 1200 2492 μόνον
1221 2403 1284 2474 τά·

257 2509 346 2596 ληθῆ
365 2505 513 2595 ὁρῶντες,
532 2505 667 2581 ἀλλ’,άεί
682 2536 715 2576 τι
732 2513 787 2576 καὶ
804 2516 1151 2599 προσεπιμετροῦντες,
1171 2505 1217 2589 ιύς
1236 2506 1283 2598 μὴ

257 2610 424 2692 νυστάζειν
442 2612 578 2679 δοκοῖεν.
614 2613 667 2679 δεῖ
683 2601 739 2679 ούν
757 2607 869 2698 ὥσπερ
888 2612 921 2678 ἐν
937 2626 1008 2691 τοῖς
1024 2625 1198 2698 Περσικοῖς
1215 2613 1285 2680 δεί-

257 2734 361 2793 πνοιςΙ
374 2713 463 2781 κάτω
485 2715 619 2783 νεύοντα
640 2721 859 2782 κατακεῖσθαι
881 2715 1014 2783 δεδιότα
1035 2716 1079 2802 μή
1102 2740 1153 2794 τις
1170 2711 1286 2781 εύνοῦ-

239 2804 315 2896 ’χός
333 2839 370 2882 σε
387 2815 442 2903 ἰ’δη
460 2819 717 2904 προσβλέψαντα
734 2822 796 2905 μιᾷ
813 2822 877 2884 τῶν
894 2819 1114 2909 παλλακίδων,
1134 2815 1209 2884 ἐπεὶ
1223 2814 1286 2884 άλ-

259 2917 316 2993 λος
332 2940 369 3001 γε
388 2913 538 3000 εῦνοῦχσς
557 2916 762 3003 ἐντεταμένον
778 2919 885 2985 πάλαι
901 2916 1057 3000 τὸτόξον
1079 2919 1171 3001 έχων,
1196 2917 1219 2984 ἃ
1238 2917 1284 3008 μὴ

258 3019 360 3100 θέμις
378 3012 505 3106 ὁρῶντα
526 3026 545 3065 *
561 3027 580 3066 *
597 3024 616 3059 *
638 3021 813 3110 διαπείρας
832 3027 880 3109 τῷ
904 3022 1005 3108 οἰστῷ
1026 3020 1146 3105 μεταξὺ
1168 3026 1288 3089 πίνον-

209 3139 242 3189 80
259 3141 316 3197 τος
340 3116 398 3206 τὴν
423 3122 558 3207 γνάθον.
597 3118 655 3190 εἶτ’
675 3120 833 3191 άπελθών
858 3130 917 3191 τοῦ
941 3125 1078 3191 δείπνου
1108 3123 1224 3210 μικρόν
1251 3150 1288 3192 τι

259 3222 478 3311 κατέδαρθες·
504 3221 571 3292 διεδ
591 3224 628 3291 δέ
648 3222 735 3312 ᾠδὴν
757 3222 977 3312 ἀλεκτρυόνων
999 3223 1227 3315 άνεγρόμενος,
1258 3216 1288 3293 ὦ

261 3324 405 3404 δείλαιος
423 3323 501 3412 ἐγὼ,
528 3325 606 3416 φῂς,
629 3329 685 3394 καλ
703 3324 836 3410 άθλιος,
865 3328 939 3408 οἵας
956 3327 1016 3408 τάς
1033 3330 1140 3397 πάλαι
1158 3329 1289 3417 διατρι-

259 3425 322 3512 βάς
336 3424 512 3515 ἀπολιπών
526 3432 580 3496 καλ
594 3428 743 3517 ἑταίρους
754 3433 809 3498 καλ
820 3436 894 3516 βίον
908 3428 1104 3518 ἀπράγμονα
1116 3434 1170 3498 καλ
1180 3426 1290 3498 δπνον

259 3531 477 3617 μετρεόμενον
493 3536 533 3621 τῇ
552 3529 789 3621 ἐπιθυμίαικαὶ
806 3535 1012 3621 περιπάτους
1029 3532 1226 3619 ἐλευθέρως
1241 3534 1291 3614 είς

261 3629 333 3699 οἷον
349 3633 523 3721 βάραθρον
541 3640 649 3722 φέρων
667 3634 806 3719 ἐμαυτὸν
824 3634 998 3704 ἐνσέσεικα.
1028 3643 1117 3716 τίνος
1135 3635 1240 3718 ἕνεκα,
1262 3627 1291 3703 ὦ

260 3736 353 3816 θεολ,
379 3732 469 3824 ἢτίς
487 3732 505 3804 ό
524 3735 676 3827 λαμπρὸς
694 3728 789 3816 οὗτος
809 3739 936 3821 μισθός
959 3738 1062 3821 ἕστινς
1088 3735 1126 3806 ού
1149 3737 1212 3826 γὰρ
1233 3741 1293 3805 καὶ

262 3832 370 3917 άλλως
377 3864 437 3923 μοι
446 3841 550 3909 πλείω
563 3840 687 3907 τούτων
701 3839 881 3929 ἐκπορίζειν
896 3839 1032 3909 δυνατόν
1041 3832 1079 3929 ἦν
1091 3843 1148 3907 καί
1156 3847 1293 3930 προσῆν

261 3936 300 4007 τὸ
319 3938 493 4027 ἐλεύθερον
508 3945 564 4008 καὶ
585 3940 623 4010 τὸ
641 3943 751 4011 πάντα
769 3939 819 4011 ἐπ’
836 3942 1001 4027 ἐξουσίας,·
1027 3950 1083 4012 νῦν
1105 3943 1142 4011 δέ
1163 3941 1203 4011 τὸ
1227 3950 1295 4012 τοῦ

227 4058 240 4085 ·
263 4040 376 4127 λόγου,
402 4046 484 4111 λέων
504 4043 602 4133 κρόκη
626 4045 750 4128 δεθεὶς,
779 4042 846 4114 ἅνω
864 4049 920 4115 καλ
940 4047 1029 4114 κάτω
1050 4045 1294 4136 περισύρομαι,
