2740 4648
1069 3 1167 12 V-,Vnj
1197 6 1218 9 7¹
1236 6 1272 23 ριν
1288 6 1293 9 v
1312 6 1328 9 ff
1345 6 1364 9 W

150 255 247 316 XVII·
259 254 360 312 ΠΕΡΙ
375 254 459 310 ΤΩΝ
475 248 550 312 Em
566 253 702 333 ΜῙΣΘῼ
718 254 952 313 ΣΥΝΟΝΤΩΝ
963 255 1074 315 34-36.
1094 243 1160 311 263

135 359 225 450 αὐτῷ
236 361 345 446 ζωμοῦ
354 358 613 449 ἐγκατεμέμικτο.
638 363 696 428 καὶ·
708 355 728 428 δ’
740 385 776 446 γε
787 363 940 444 κίναιδος,
961 357 1158 453 όσόνεδρος,

135 461 194 532 οῦκ
211 462 372 548 άμοῦσως
384 464 467 531 ποτέ
483 466 539 531 καὶ
557 461 591 543 ἐς
605 462 684 543 τοῦς
701 459 821 544 ἄλλους
841 462 920 543 τοὺς
941 465 1108 554 παρόντας
1126 465 1159 533 ἐν

131 573 181 655 τῷ
200 570 377 655 συμποσίῳ
394 562 634 647 ἀποσκώπτων,
654 565 770 654 ἐπειδή
787 590 870 634 ποτε
887 568 943 633 καλ
960 564 1017 635 ἐπὶ
1029 566 1086 635 τὸν
1102 576 1161 636 θε-

134 666 482 755 σμόπολινκαθῆκι
449 693 487 736 το
502 674 651 753 σκῶμμα,
670 670 749 757 περὶ
762 668 1102 752 δέθεσμοπόλιδος,”
1085 694 1157 758 εφη,

132 777 232 839 τοῦτο
252 770 353 855 μόνον
372 769 479 838 εἰπεῖν
501 766 619 854 ἐχω,ί
605 766 658 838 ότι
680 768 752 839 ἀντὶ
769 778 917 839 Στωϊκοῦ
938 767 1001 860 ἤδη
1022 770 1161 851 Κυνικὸς

131 870 211 961 ἡμῖν
232 876 409 960 γεγένηται.
444 870 483 940 τὸ
506 869 537 939 δ’
553 863 610 940 οῦν
631 873 773 942 κυνίδιον
795 876 851 939 καὶ
871 878 1036 942 τετοκέναι
1058 872 1091 943 έν
1111 881 1159 961 τῷ

8 1000 10 1019 ⁴
131 979 269 1063 τρίβωνι
285 999 333 1062 τφ
350 999 409 1042 του
395 976 672 1059 Θεσμοπόλιδος
685 973 868 1063 ἐπυθόμην.
894 983 1033 1044 τοιαῦτα
1051 974 1161 1066 ἐντρυ-
1178 999 1210 1049 ιο

133 1082 240 1165 φῶσι,
267 1078 391 1161 μᾶλλον
413 1078 450 1145 δὲ
472 1077 674 1164 ἐνυβρίζουσι
695 1089 766 1157 τοῖς
788 1084 923 1146 συνοῦσι
944 1077 1028 1147 κατὰ
1043 1079 1160 1170 μικρὸν

133 1174 255 1259 αῦτοδς
274 1180 464 1269 χειροήθεις
488 1186 528 1269 τῇ
555 1175 649 1269 όβρει
674 1181 986 1266 παρασκευάζοντες.
1023 1179 1099 1250 οῖδα
1126 1179 1157 1248 δ’

133 1278 197 1368 ἐγιδ
210 1283 266 1348 καλ
279 1281 401 1371 ῥήτορα
413 1290 478 1349 τῶν
490 1282 660 1372 καρχάρων
673 1282 731 1349 ἐπὶ
743 1289 790 1371 τῷ
806 1284 928 1371 δείπνῳ
942 1287 1161 1353 κελευσθέντα

131 1383 354 1472 μελετήσαντα
371 1383 419 1468 μὰ
435 1384 492 1452 τδν
509 1382 564 1453 Δί’
581 1382 638 1452 οῦκ
656 1382 875 1467 άπαιδεότως,
896 1383 1085 1454 άλλάπάνυ
1102 1413 1159 1454 το-
1242 1422 1246 1439 ·

133 1491 201 1573 ρυῦς
217 1487 272 1552 καλ
295 1493 606 1575 συγκεκροτημένως·
634 1485 783 1575 ἐπῃνεῖτο
804 1496 881 1575 γοῦν
902 1487 1023 1573 μεταξὺ
1045 1489 1161 1556 πινόν-

132 1610 199 1656 των
218 1585 255 1655 οῦ
273 1587 359 1676 πρὸς
379 1583 468 1676 ὕδωρ
489 1593 741 1677 μεμετρημένον,
771 1587 961 1680 ἀλλὰπρὸς
983 1591 1072 1658 οἴνου
1096 1587 1160 1675 άμ-

133 1695 258 1779 φορέας
284 1693 398 1777 λέγων,
434 1693 489 1757 καὶ
513 1697 613 1758 τοῦτο
640 1687 825 1778 ὑποστῆναι
854 1691 892 1759 τδ
919 1693 1071 1779 τόλμημα
1101 1690 1160 1760 ἐπὶ
1219 1734 1224 1745 1

133 1793 265 1861 διακοσί
252 1797 319 1870 ίαις
337 1793 496 1881 δραχμαῖς
514 1791 648 1879 ἐλέγετο.
677 1799 782 1859 ταῦτα
794 1784 906 1876 μὲν
867 1817 923 1860 ουν
936 1796 1017 1872 ἰὀως
1030 1800 1158 1883 μέτρια.

131 1890 171 2016 ἢρ
189 1895 225 1961 δέ
242 1893 415 1982 ποιητικὸς
432 1891 565 1982 αότδςη
578 1893 798 1983 συγγραφικὸς
812 1921 829 1961 ο
818 1887 1047 1983 “πλοόσιοςῇ,
1066 1893 1159 1983 παρδι

132 1992 172 2064 τὸ
191 1986 376 2064 δεῖπνόν
341 2024 383 2064 τα
402 1993 501 2065 αῦτου
488 1998 700 2085 ῥαψφδων,
730 1997 805 2064 τότε
826 1999 882 2063 καὶ
903 1998 1048 2081 μάλιστα
1066 1996 1160 2083 διαρ-

131 2104 269 2187 ραγῆναι
292 2124 354 2187 χρη
380 2097 578 2167 ἐπαινοῦντα
603 2103 658 2166 καλ
683 2099 899 2166 κολακεύοντα
926 2102 981 2165 καλ
1011 2100 1158 2185 τρόπους

132 2199 276 2270 ἐπαίνων
290 2206 496 2288 καινοτέρους
511 2199 714 2269 ἐπινοοῦντα.
743 2201 808 2269 εέσι
822 2198 898 2268 δ
865 2206 897 2268 ολ
910 2228 965 2267 και
954 2200 1034 2268 ἐπὶ
1047 2201 1159 2267 κάλλει

130 2304 372 2388 θαυμάζεσθαι
390 2302 554 2385 ἐθέλουσι,
573 2306 629 2370 καὶ
643 2305 695 2371 δεῖ
703 2300 877 2383 Ἀδώνιδας
892 2301 1011 2384 αῦτοδς
1025 2306 1080 2370 καί
1090 2299 1159 2370 ‘Ya-

130 2411 267 2487 κίνθους
285 2402 428 2486 άκοόειν,
451 2406 582 2491 πήχεως
601 2405 702 2472 ἐνίοτε
719 2404 777 2493 τὴν
795 2408 869 2496 ῥῖνα
887 2406 1027 2490 έχοντας.
1065 2404 1104 2473 σδ
1125 2402 1156 2473 δ’

131 2498 190 2577 οὖν
206 2506 246 2597 ἢν
263 2507 308 2596 μὴ
327 2505 471 2596 ἐπαινῇς,
491 2507 525 2586 ἐς
541 2505 601 2586 τὰς
618 2510 816 2591 λιθοτομίας
832 2506 892 2588 τὰς
911 2513 1085 2601 Διονυσίου
1105 2504 1159 2574 εῦ-
1225 2484 1231 2513 ⁸

132 2608 200 2689 θός
217 2607 318 2700 άφίξη
342 2607 388 2689 ιδς
409 2611 464 2676 καὶ
487 2615 625 2696 φθονιῦν
646 2610 702 2675 καί
720 2608 941 2694 ἐπιβουλεύων
963 2608 1065 2696 αὐτῷ.
1097 2606 1157 2697 χρὴ

132 2712 169 2781 δδ
185 2715 240 2780 καλ
257 2710 383 2802 σοφοὺς
400 2714 455 2778 καὶ
472 2712 612 2801 ῥήτορας
630 2709 713 2779 εἶναι
731 2709 859 2793 αὖτοὺς,
878 2708 937 2779 κάν
956 2712 989 2778 ελ
1000 2738 1033 2779 τι
1048 2714 1158 2778 σολοι-

129 2820 278 2894 κίσαντες
294 2815 445 2898 τόχωσιν,
465 2811 547 2882 αῦτδ
564 2819 663 2881 τοῦτο
680 2821 738 2901 τῆς
748 2811 891 2902 Ἀττικῆς
907 2816 963 2881 καί
979 2820 1037 2881 τοῦ
1048 2810 1158 2900 Ὑμητ-

128 2923 188 2985 τοῦ
205 2916 347 3004 μεστοὺς
364 2919 471 2986 δοκεῖν
488 2915 566 2996 τοὺς
578 2917 696 3003 λόγους
708 2920 764 2984 καί
775 2918 876 3001 νόμον
890 2914 972 2984 εἶναι
985 2915 1023 2984 τὸ
1038 2914 1157 2984 λοιπόν

129 3015 216 3087 οῦτω
235 3021 348 3105 λέγειν.
383 3026 492 3087 καίτοι
510 3018 640 3109 φορητὰ
657 3021 740 3100 ἰ’σως
756 3018 798 3087 τά
816 3027 881 3088 τιῦν
900 3017 1035 3109 άνδριῦν.
1069 3018 1105 3086 αλ
1117 3016 1155 3086 ’δ’
1175 3039 1207 3091 36

129 3111 188 3189 οῦν
205 3132 354 3207 γυναῖκες
371 3159 413 3170 -
430 3120 563 3212 καὶγὰρ
584 3114 625 3190 αδ
646 3127 703 3190 καὶ
724 3123 802 3191 τόδε
823 3120 891 3191 ῦπδ
909 3129 975 3190 τῶν
998 3128 1157 3210 γυναικῶν

128 3220 367 3303 σπουδάζεται,
394 3218 432 3289 τὸ
452 3219 536 3290 εἶναί
551 3250 642 3303 τινας
664 3223 779 3306 αῦταῖς
802 3226 1084 3313 πεπαιδευμένους
1100 3250 1158 3308 μι-.

128 3327 219 3392 σθοῦ
233 3317 405 3403 ὑποτελεῖς
414 3325 568 3403 συνόντας
578 3329 632 3391 καὶ
642 3333 689 3412 τῷ
699 3332 823 3413 φορείῳ
835 3325 1029 3409 ἑπομένους·
1047 3328 1081 3393 ἓν
1092 3325 1155 3412 γάρ

125 3450 162 3493 τι
175 3426 231 3492 καλ
247 3430 346 3508 Ιτοῦτο
363 3431 430 3493 τῶν
447 3423 554 3494 άλλων
566 3428 850 3511 καλλωπισμάτων
864 3423 978 3505 αῦταῖς
992 3428 1098 3505 δοκεῖ,
1117 3422 1156 3512 ἢν

127 3530 262 3616 λέγηται
280 3523 326 3608 ὥς
339 3529 601 3613 πεπαιδευμέναι
614 3533 651 3595 τέ
664 3529 729 3596 εἶσι
742 3531 798 3594 καὶ
813 3528 996 3617 φιλόσοφοι
1008 3531 1064 3594 καί
1076 3552 1156 3594 ποι-

130 3636 222 3699 οῦσιν
240 3627 374 3722 ᾄσματα
387 3628 425 3700 οῦ
439 3630 525 3699 πολδ
539 3638 597 3719 τῆς
610 3628 974 3721 Σαπφοῦςάποδέοντα
986 3670 1028 3680 -
1043 3627 1099 3697 διδ
1113 3628 1166 3716 δὴ·

128 3740 233 3827 ταῦτα
241 3732 500 3819 μισθωτοδςκαλ
509 3723 606 3802 αὗται
614 3728 828 3822 περιάγονται
836 3733 976 3824 ῥήτορας
988 3736 1042 3799 καλ
1050 3757 1155 3822 γραμ-

128 3836 286 3922 ματικοὺς
307 3840 364 3906 καί
385 3830 607 3927 φιλοσόφους,
635 3833 819 3922 ἀκροῶνται
841 3833 871 3902 δ’
890 3832 997 3903 αῦτιῦν
1018 3840 1154 3923 πηνίκας

127 3975 171 3990 ·-
192 3942 319 4025 γελοῖον
340 3940 401 4028 γὰρ
423 3942 479 4008 καὶ
499 3946 598 4008 τοῦτο
620 3977 662 3989 —-
682 3935 757 4026 ἤτοι
783 3936 903 4023 μεταξὺ
930 3937 1154 4022 κομμούμεναι

127 4043 183 4108 καὶ
192 4039 250 4122 τὰς
259 4042 363 4129 κόμας
372 4042 662 4133 παραπλεκόμεναι
675 4039 697 4130 ἢ
710 4039 803 4133 παρὰ
816 4040 854 4110 τὸ
871 4043 1017 4111 δεῖπνον·
1037 4037 1152 4108 άλλοτε
