2752 4632
236 208 300 277 160
418 191 426 204 '
624 219 885 285 Λονεεεκοε
1002 266 1007 273 .

246 324 250 335 ’
286 341 363 398 ΦΜ.
396 324 519 395 Καινδν
537 322 646 406 οὐδέν,
664 321 734 393 ἀλλ’
750 323 807 393 σία
823 327 881 393 καί
894 321 963 414 πρδ
976 311 1272 415 τσῦζδρπάζουδιν,

235 427 442 520 δνιιορκοῖσι,
461 423 1044 517 τυκυγλσφοδσιν,.όβολοσεατοῦσιν.

180 583 187 593 ,
283 547 375 603 ΜΕΝ.
404 527 535 600 :mun
558 532 614 598 καὶ
639 531 889 615 κακρδαίμονες·
921 526 958 598 οό
983 528 1047 621 γὰρ
1073 530 1186 599 ἰ’σασιν
1211 529 1274 600 οἶοι

235 633 367 723 δναγχος
391 633 573 722 κεκύρωται
597 630 692 722 παρὰ
712 645 785 712 τοῖς
810 632 900 700 κάτω
926 635 982 701 καὶ
1008 631 1065 703 οἶα
1085 637 1273 721 κεχειροτό-

233 762 329 825 νηται
345 733 387 804 τὰ
404 741 608 826 ψηφίσματα
625 733 710 802 κατὰ
725 740 791 802 τῶν
807 738 990 818 πλουσίων,
1010 735 1033 803 δι
1049 734 1098 823 μὰ
1115 732 1172 804 τὸν
1185 741 1273 826 Κέρ-

232 844 330 928 βερον
347 835 487 924 οόδεμία
503 835 628 927 μηχανὴ
645 834 685 905 τὸ
702 837 877 926 διαφυγεῖν
893 834 1022 919 αὐτούς.

285 958 360 1023 ΦΙΔ,
403 947 442 1010 Τί
461 941 544 1031 φῄςς
569 941 722 1009 δέδοκταί
741 967 775 1009 τι
794 940 953 1031 νεώτερον
977 953 1050 1022 τοῖς
1073 941 1163 1010 κάτω
1189 944 1273 1033 περὶ

233 1051 299 1115 τῶν
318 1044 456 1122 ένθάδες

284 1162 375 1220 ΜΕΝ.
407 1145 460 1235 Νὴ
479 1150 558 1227 Δία,
580 1147 637 1213 καὶ
654 1145 763 1213 πολλά
784 1164 835 1233 γε·
859 1142 928 1213 ἄλλ’
943 1142 982 1214 οό
1000 1150 1102 1232 θέμις
1120 1145 1271 1237 ἐκφέρειν

234 1248 320 1321 αδτδι
336 1249 424 1337 πρὸς
446 1243 597 1328 άπαντας
618 1246 697 1316 οὐδὲ
717 1245 759 1315 τὰ
781 1244 956 1339 ἀπόρρητα
978 1246 1194 1338 ἐξαγορεύειν,
1220 1250 1270 1340 μὴ

233 1359 291 1422 καί
310 1377 362 1432 τις
382 1349 470 1440 ἡμᾶς
490 1351 662 1440 γράψηται
681 1349 811 1441 γραφὴν
833 1349 987 1439 ἀσεβείας
1008 1350 1066 1420 ἐπὶ
1082 1359 1140 1420 τοῦ
1156 1349 1272 1422 Ῥαδα-

141 1511 146 1521 .
233 1456 396 1542 μάνδυος.
586 1508 589 1513 «
673 1473 675 1481 ’

286 1568 362 1624 ΦΙΔ.
397 1556 579 1645 Μηδαμῶς,
599 1547 808 1639 ὦΜένιππε,
827 1554 914 1642 πρὸς
930 1564 989 1624 τοῦ
998 1555 1092 1639 Διὸς,
1111 1553 1157 1646 μὴ
1176 1562 1271 1647 φθο-

95 1729 104 1747 .
234 1659 334 1749 νῆσῖῖς
354 1665 421 1728 τῶν
443 1659 548 1748 λόγων
566 1661 653 1748 φίλω
678 1655 788 1747 άνδρί·
813 1656 899 1750 πρὸς
919 1656 981 1748 γὰρ
1005 1659 1118 1728 εἰδότα
1136 1666 1270 1728 σιωπᾶν

235 1759 333 1854 έρεῖς,
352 1760 395 1829 τά
411 1757 439 1830 τ’
455 1759 539 1828 άλλα
555 1764 611 1828 καὶ
627 1759 714 1851 πρὸς
729 1766 944 1850 μεμυημένον.

285 1873 377 1928 ΜΕΝ.
419 1862 575 1933 Χαλεπὸν
600 1864 659 1950 μὲν
690 1863 878 1943 ἐπιτάττεις
906 1861 1116 1953 τοδπίταγμο
1146 1866 1203 1932 καὶ
1229 1862 1272 1934 οδ

233 1968 342 2056 πάντη
357 1965 519 2059 ἀσφαλές·
537 1965 622 2055 πλὴν
636 1963 719 2034 ἀλλὰ
733 1973 793 2034 σοῦ
806 1991 842 2054 γε
856 1958 948 2033 ἕνεκα
960 1970 1148 2055 τολμητέον.
1175 1968 1270 2051 ἔδοξε

235 2069 275 2162 δὴ
301 2069 379 2152 τοὺς
404 2073 587 2151 πλουσίους
611 2070 749 2150 τούτους
774 2072 838 2136 καὶ.
857 2070 1130 2159 πολυχρημάτους
1150 2074 1207 2138 καὶ
1227 2070 1268 2140 τὸ
1372 2148 1373 2151 ¹

232 2180 368 2266 χρυσίον
384 2172 615 2241 κατάκλειστον
634 2167 748 2259 ὥσπερ
765 2169 824 2259 τὴν
841 2172 972 2260 Δανάην
990 2173 1270 2260 φυλάττοντας-

287 2285 362 2340 ΦΙΜ
397 2274 450 2363 Μὴ
468 2276 630 2366 πρότερον
644 2274 754 2363 ε’ίπῃς,
775 2265 906 2360 ὦγαθὲ,
922 2273 966 2344 τὰ
980 2276 1168 2363 δεδογμένα,
1187 2278 1270 2365 πρὶν

236 2378 342 2448 ἒκεῖνα
364 2379 524 2460 διελθεῖν,
552 2377 574 2445 ἃ
591 2374 722 2463 μάλιστ’
737 2373 778 2445 δν
794 2374 900 2465 ἡδέως
918 2374 1097 2463 άκοόσαιμί
1114 2403 1174 2447 σου
1178 2429 1189 2460 ,
1214 2384 1270 2459 τίς

235 2477 255 2570 ἡ
274 2479 406 2549 ἐπίνοιά
424 2502 484 2549 σου
501 2487 560 2569 τῆς
576 2481 727 2548 καθόδου
746 2478 884 2567 ἐγένετο,
902 2488 954 2560 τίς
971 2482 1008 2548 δὲ
1021 2478 1039 2549 ὁ
1052 2488 1111 2569 τῆς
1127 2487 1270 2572 πορείας

233 2581 376 2673 ἡγεμὼν,
402 2580 469 2652 εἶδ’
485 2583 558 2672 ἑξῆς
580 2580 655 2652 ἅτε
673 2581 758 2664 εἶδες
779 2579 803 2650 ἅ
822 2609 859 2652 τε
876 2578 1019 2675 ἤκουσας
1039 2582 1119 2671 παρ’
1137 2582 1271 2665 αὐτοῖς’

234 2685 321 2768 εἰκὸς
340 2685 403 2777 γάρ
427 2684 466 2775 δὴ
489 2686 667 2775 φιλόκαλον
690 2681 769 2754 όντα
791 2710 829 2755 σε
849 2687 950 2775 μηδὲν
970 2693 1036 2756 τῶν
1059 2683 1159 2769 άξίων
1179 2691 1269 2768 θέας

232 2785 255 2879 ἢ
273 2785 373 2877 άκοῆς
389 2793 603 2878 παραλιπεῖν.

200 2912 216 2963 8
285 2905 377 2961 ΜΕΝ.
410 2888 643 2981 Ὑπουργητέον
660 2894 716 2960 καὶ
730 2893 838 2960 ταῦτά
856 2911 925 2961 σοι·
946 2891 1059 2983 τίγδρ
1077 2888 1270 2961 δνκαὶπά-

233 2999 296 3061 θοι
312 3019 377 3076 τις,
406 2991 511 3065 ὁπότε
528 2998 627 3083 φίλος
645 2990 726 3085 ἀνὴρ
743 2995 894 3081 βιάζοιτο
899 3024 911 3079 ,·
936 2999 992 3063 καλ
1015 2993 1054 3083 δὴ
1071 2994 1192 3079 πρῶτά
1210 3018 1269 3063 σοι

235 3096 338 3182 δίειμι
358 3094 402 3164 τὰ
423 3100 502 3187 περὶ
522 3103 580 3186 τῆς
600 3097 731 3186 γνιόμης
751 3105 809 3185 τῆς
831 3097 910 3187 ἐμῆς
930 3099 986 3166 καί
1004 3094 1086 3166 ὅθεν
1104 3094 1269 3187 ὡρμήθην

234 3196 321 3288 πρὸς
341 3197 399 3287 τὴν
420 3200 617 3285 κατάβασιν·
643 3199 707 3288 έγδι
729 3197 806 3290 γὰρ,
834 3197 910 3289 ἄχρι
929 3201 990 3287 μέν
1012 3199 1045 3270 έν
1071 3202 1190 3268 παισὶν
1214 3190 1266 3288 ἦν,

234 3298 361 3370 άκοόων
375 3300 509 3391 Ὁμήρου
531 3299 751 3373 καὶἩσιόδου
774 3306 941 3389 πολέμους
961 3305 1017 3372 καί
1039 3303 1171 3381 στάσεις
1193 3303 1270 3390 διη-

232 3411 398 3494 γουμένων
420 3405 458 3475 οὖ
479 3407 581 3493 μόνον
600 3414 667 3479 τῶν
687 3404 852 3497 ἡμιθέων,
884 3405 1045 3476 ἀλλὰκαὶ
1070 3403 1178 3475 αὗτιῦν
1202 3401 1267 3495 ἤδη

232 3515 299 3576 τῶν
319 3515 426 3592 θεῶν,
454 3509 504 3579 ἔτι
526 3511 562 3579 δὲ
582 3513 639 3579 καλ
659 3516 808 3597 μοιχείας
830 3507 937 3580 αὐτῶν
957 3513 1015 3578 καί
1034 3515 1112 3597 βίας
1132 3510 1188 3577 καὶ
1206 3504 1268 3599 ἆρ-

232 3611 345 3701 πσγδς
369 3616 426 3681 καί
451 3615 544 3694 δίκας
567 3616 624 3682 καί
652 3618 806 3699 πατέριον
837 3612 1002 3696 ἐξελάσεις
1029 3615 1086 3680 καλ
1111 3608 1267 3700 ἀδελφῶν

232 3715 373 3804 γάμους,
400 3717 512 3785 πάντα
531 3722 636 3785 ταῦτα
658 3714 805 3802 ἐνόμιζον
827 3713 912 3786 εἶναι
932 3713 1018 3784 καλὰ
1037 3717 1094 3783 καὶ
1115 3711 1155 3784 οὗ
1177 3739 1267 3803 παρ-

233 3822 336 3906 έργως
353 3816 498 3911 δκνιόμην
513 3817 601 3909 πρὸς
617 3815 717 3887 αότά·
735 3818 810 3888 έπελ
828 3820 864 3888 δὲ
881 3819 930 3900 εἷς
946 3814 1068 3906 ἄνδρας
1084 3820 1190 3886 τελεῖν
1206 3815 1267 3906 ἠρ-

233 3920 351 4009 ξάμην,
377 3912 481 3991 πάλιν
503 3913 546 3989 αὖ
572 3921 720 3995 ἐνταῦθα
743 3918 862 4011 ἤκουον
887 3928 954 3992 τάν
977 3922 1087 4007 νόμων
1107 3916 1266 3989 τάναντία

232 4035 303 4103 τοῖς
315 4038 472 4113 ποιηταῖς
484 4026 692 4110 κελευόντων,
710 4026 793 4117 μήτε
804 4025 968 4114 μοιχεύειν
979 4025 1063 4116 μήτε
1075 4024 1267 4108 στασιάζειν
