2752 4632
210 227 275 295 202
595 200 851 305 AofflAN'or

210 341 331 434 ἀνάγκη
349 338 458 411 πολλὰ
475 345 689 430 προπονῆσαι
710 337 956 429 λεπτογράφοις
970 341 1115 426 βιβλίοις
1131 363 1245 431 παρα,

208 446 357 535 θήγοντα
368 441 426 532 τὴν
436 439 517 530 όψιν
526 442 582 509 καὶ
591 442 707 526 σχόλια
717 448 946 531 συναγείροντα
958 444 1014 509 καὶ
1023 443 1245 530 σολοικισμῶν

210 546 459 634 ἐμπιπλάμενον
471 546 528 612 καί
540 540 677 614 άτόπων
690 544 859 635 ῥημάτων·
876 541 983 613 καὶτὸ
996 545 1187 634 κεφάλαιον,
1202 543 1243 615 ού

209 655 311 736 θέμις
326 653 484 738 γενέσθαι
502 644 622 737 σοφὸν,
649 644 688 737 ἢν
704 645 750 737 μὴ
766 649 837 737 τρίς
853 645 972 751 ἐφεξῆς
992 651 1051 716 τού
1068 645 1243 740 ἐλλεβόρου

209 756 301 841 πίω·

260 868 319 924 RN.
352 852 492 922 Γευυαῖό
518 875 579 921 σου
605 857 710 920 ταῦτα
735 854 791 921 καλ
817 852 933 934 όιινιός
958 848 1106 940 ἀνδρικά.
1140 851 1180 922 τό
1206 853 1244 922 N

208 961 365 1045 Ινίφωυα
382 951 467 1025 εἶναι
487 957 544 1023 καλ
564 954 766 1045 τοκογλύφον
784 992 825 1009 -—
842 957 898 1023 καί
918 953 980 1043 γὰρ
998 954 1079 1023 τάδε
1101 950 1169 1045 ὁρῶ
1187 979 1246 1025 σοι

209 1057 380 1144 προσόντα
396 1097 439 1110 -
455 1063 491 1126 τί
511 1063 641 1147 φῶμεν,
668 1053 788 1147 άνόρός
808 1053 870 1146 ἤδη
893 1058 1091 1138 πεπωκότος
1111 1058 1169 1129 τὸν
1191 1057 1245 1127 ἑλ-

209 1161 345 1249 λέβορον
360 1163 417 1228 καλ
433 1162 560 1229 τελείου
577 1158 664 1252 πρὸς
681 1156 815 1248 άρετήν,·

261 1278 369 1337 xm
404 1268 487 1330 Ναί·
512 1263 604 1352 μόνην
630 1268 707 1351 γοῦν
733 1259 771 1330 τό
800 1262 956 1346 δανείζειν
981 1267 1108 1353 πρέποι
1134 1257 1174 1329 ἂν
1194 1268 1245 1352 τῷ

210 1371 323 1454 σοφῷ·
350 1364 425 1433 ἐπεὶ
445 1362 508 1454 γὰρ
531 1365 617 1433 ἰ’όιον
640 1362 742 1432 αύτού
764 1363 803 1432 τὸ
825 1366 1094 1453 συλλογίζεσθαι,
1121 1363 1160 1434 τὸ
1184 1366 1246 1433 όα-

209 1467 325 1548 νείζειν
343 1468 379 1535 δὲ
395 1469 452 1534 καὶ
468 1467 663 1555 λογίζεσθαι
679 1465 757 1548 τοὺς
773 1468 890 1548 τόκους
901 1471 1043 1557 πλησίον
1056 1464 1141 1535 εἶναι
1154 1468 1248 1535 δοκεῖ

209 1574 268 1635 τοῦ
287 1568 555 1657 συλλογίζεσθαι,
574 1569 676 1655 μόνου
695 1567 735 1638 άν
749 1571 799 1660 ε’ίη
812 1576 872 1639 τού
886 1572 1072 1640 σπουδαίου
1085 1569 1244 1655 καθάπερ

211 1668 314 1739 ἐκεῖνο
340 1674 396 1739 καλ
420 1668 536 1754 τοῦτο,
561 1670 682 1755 καλού
708 1673 809 1758 μόνον
833 1699 871 1761 γε
897 1669 1036 1755 ἁπλοῦς,
1069 1668 1183 1758 ὥσπερ
1211 1670 1245 1738 ολ

211 1768 320 1855 άλλοι,
356 1771 434 1855 τοὺς
458 1775 588 1857 τόκους,
626 1770 710 1843 άλλόι
740 1775 946 1845 καὶτούτων
972 1773 1103 1862 ἑτέρους
1127 1775 1246 1856 τόκους

103 1869 107 1883 ’
210 1875 403 1960 λαμβάνειν·
430 1873 467 1943 σύ
494 1874 555 1963 γὰρ
583 1873 711 1964 άγνοεῖς
737 1873 881 1946 ὅτιτῶν
906 1877 1011 1946 τόκων
1038 1877 1072 1945 ολ
1096 1883 1156 1962 μέν
1178 1876 1246 1947 εἶσι

210 1983 342 2066 πρῶτοί
366 2004 465 2061 τινες,
495 1978 528 2046 σί
555 1979 591 2047 δὲ
617 1980 778 2070 δεύτεροι,
806 1980 963 2068 καθάπερ
985 1976 1093 2050 αὐτῶν
1115 1978 1247 2048 ἐκείνων

211 2077 384 2167 άπόγονσι.
421 2078 501 2171 ὁρᾷς
519 2082 555 2148 δὲ
573 2083 656 2170 δῆτα
673 2080 803 2152 καὶτὸν
820 2080 1038 2171 συλλογισμὸν
1057 2079 1161 2150 ὁποῖά
1179 2106 1246 2171 φη-

211 2202 278 2251 σιν·
301 2183 332 2251 εί
348 2182 406 2251 τόν
423 2189 556 2272 πρῶτον
573 2185 669 2253 τόκον
686 2185 843 2274 λήψεται,
862 2186 1006 2274 λήψεται
1022 2187 1079 2252 καὶ
1095 2181 1152 2251 τόν
1169 2181 1247 2251 όεύ-

209 2303 319 2373 τερον·
350 2281 434 2351 άλλόι
450 2284 514 2374 μὴν
531 2284 587 2355 τὸν
605 2293 738 2376 πρῶτον
755 2288 912 2379 λήψεται,
940 2287 1084 2378 λήψεται
1106 2283 1172 2375 άρα
1188 2286 1246 2354 καλ

209 2384 267 2453 τὸν
285 2386 447 2474 δεύτερον.
548 2452 558 2468 ,

159 2509 194 2562 24
262 2504 319 2559 RN.
339 2487 476 2581 ,Οὐκοῦν
493 2494 547 2558 καὶ
564 2499 700 2577 μισθῶν
717 2497 796 2580 πέρι
813 2491 855 2560 τὰ
873 2489 958 2561 αύτὰ
975 2497 1104 2582 φῶμεν,
1127 2489 1185 2572 οὓς
1202 2487 1245 2559 σὺ

209 2591 388 2678 λαμβάνεις
410 2591 468 2662 ἐπὶ
488 2600 529 2683 τῇ
547 2600 653 2685 σοφίη
673 2593 768 2685 παρὰ
789 2601 856 2662 τῶν
876 2599 970 2677 νέων,
997 2597 1053 2662 καί
1075 2584 1172 2684 δῆλον
1190 2587 1246 2663 ότι
1365 2632 1367 2637 v

208 2694 311 2782 μόνος
329 2691 347 2762 ὅ
367 2697 552 2776 σπουδαῖος
568 2695 696 2782 μισθὸν
714 2696 773 2765 ἐπί
788 2703 828 2786 τῇ
847 2694 946 2786 άρετῇ
963 2697 1124 2786 λήψεταις

261 2813 370 2868 ΧΡΥΣ.
405 2800 610 2879 Μανθάνεις·
625 2796 733 2889 οὐγὰρ
747 2797 888 2886 ἐμαυτοῦ
898 2798 990 2869 ἕνεκα
1002 2798 1168 2886 λαμβάνω,
1183 2802 1245 2866 τοῦ

211 2900 248 2967 όί
266 2900 414 2980 όιόόντος
432 2898 533 2968 αύτού
547 2902 659 2989 χάριν·
687 2902 761 2971 ἐπεὶ
777 2902 840 2990 γάρ
858 2900 946 2970 ἐστιν
964 2898 982 2969 ὅ
998 2898 1059 2987 μέν’
1078 2927 1131 2981 τις
1152 2899 1246 2985 ἐκχύ-

209 3026 280 3089 της,
304 2998 323 3070 ό
342 3003 379 3070 δὲ
395 3002 612 3090 περιεκτικός,
637 3004 777 3089 ἐμαυτὸν
793 3005 852 3091 μίν
870 3001 960 3072 άσκῶ
979 3000 1063 3091 εἶναι
1080 3028 1247 3090 περιεκτι-

208 3102 280 3186 κὸν,
299 3100 357 3172 τὸν
375 3105 410 3172 δὲ
426 3104 581 3194 μαθητὴν
599 3104 740 3195 ἐκχύτην.

263 3221 320 3278 ΩΝ.
354 3211 421 3275 Καὶ
445 3206 509 3296 μὴν
533 3204 723 3277 τούναντίον
748 3208 854 3298 ἐχρῆν,
890 3207 947 3277 τόν
972 3208 1115 3295 νέονμέ
1100 3202 1245 3279 ἐνεῖναι

210 3309 427 3398 περιεκτικόν,
448 3312 485 3378 σὲ
503 3309 590 3378 δὲ
555 3336 613 3378 τον
630 3311 730 3395 μόνον
747 3314 907 3399 πλούσιον
925 3311 1068 3400 ἐκχύτην.

150 3475 156 3491 .
260 3426 369 3485 ΧΡΥΣ
404 3412 588 3495 Σκώπτεις,
617 3405 644 3481 ὦ
667 3405 772 3494 οὗτος.
809 3410 914 3482 άλλη
893 3440 956 3505 ορα
975 3441 1021 3503 μη
1045 3437 1083 3527 σε
1104 3434 1247 3480 κατατο-

212 3514 316 3599 ξεύσω
333 3541 381 3602 τφ
367 3511 627 3604 όυαποόείκτῳ
647 3516 915 3607 συλλογισμφ.

247 3631 321 3686 RN.
355 3620 422 3685 Καὶ
439 3622 473 3685 τί
490 3615 633 3686 δεινόν’
613 3615 682 3686 απὸ
700 3643 759 3686 του
745 3622 909 3707 βέλουςῑ

260 3733 371 3790 xm.
402 3717 540 3809 Άπορία
556 3722 613 3791 καλ
629 3717 740 3810 σιωπὴ
757 3724 814 3788 καί
831 3723 1074 3812 διαστραφῆναι
1094 3715 1153 3808 τὴν
1170 3716 1248 3786 όιά-

159 3838 195 3891 τε
210 3845 313 3890 νοιαν.
332 3821 398 3891 όόέ
406 3820 604 3912 μέγιστον,
582 3851 621 3912 ην
630 3820 738 3892 ἐθέλω
738 3848 902 3909 τάχιστα
911 3848 948 3894 σε
957 3819 1080 3891 αποδε
1066 3823 1170 3903 ίίξωλ
1168 3826 1245 3890 θον.

263 3939 320 3997 RN.
354 3931 434 4008 Πῶς
447 3921 616 4012 λίθους’
580 3951 618 3999 ου
634 3951 697 4017 γαρ
705 3924 852 4017 Περσεύς
864 3925 920 4010 σὺ,
939 3952 967 3993 ω
952 3916 1140 4013 βέλτιστε,
1159 3948 1175 3991 ε
1177 3918 1248 3991 ναί

208 4050 271 4111 μοι
289 4018 406 4108 δοκεῖς.
