2724 4634
399 234 480 295 vm.
508 234 621 291 om
642 236 853 293 Δῐεοοεοῐ
873 238 916 293 τε.
1122 224 1173 291 ‘93
1289 274 1293 283 ,

137 341 222 427 υἱόν,
242 331 400 432 ἀπότερ,
421 338 646 411 ἐπονείδιστον
660 337 868 430 ἀποφαίνεις,
887 343 1061 427 μᾶλλονδὲ
1074 364 1173 415 σενα-

127 444 206 545 Ιτόν,
227 445 266 526 ὃς
282 451 423 513 τοιαῦτα
438 450 551 534 γεννᾷς
566 442 625 512 καί
639 445 841 534 παιόοποιῇ,
861 443 925 531 ἐγὼ
941 447 980 515 όὸ
997 443 1160 529 ἀναίτιος·

176 560 278 617 ,ΕΡΜ
320 553 399 616 Τίνα
425 547 462 615 ἀὲ
486 548 545 615 καὶ
570 547 638 638 φής
662 571 723 616 σου
748 552 890 636 μητέρας
915 543 1025 637 ήπου
1048 550 1172 620 ἔλαθον

138 646 220 739 αίγα
236 650 417 736 μοιχεύσας
434 649 551 737 ἐ’γωγες
770 692 772 696 -
1153 698 1157 707 -

192 760 279 816 ΠΑΝ.
321 750 384 822 θόκ
406 749 483 840 αἶγα
505 750 711 841 ἐμοίχευσας,
734 749 805 821 ἀλλ’
819 749 1006 842 ἀνάμνησον
1023 751 1170 837 σεαυτὸν,

138 855 176 924 εί
189 880 275 924 ποτε
293 854 327 924 ίν
342 851 496 945 Ἀρκαδίην
511 856 620 925 παῖδα
637 853 816 942 ίλευθίραν
828 855 973 943 Ιἓβιείσω.
1008 862 1044 924 τί
1064 855 1187 937 δακὼν,

137 955 201 1027 τόν
216 958 375 1026 ἀόκτυλον
393 958 500 1048 ζητεῖς
515 960 571 1025 καί
590 956 652 1029 ἐπὶ
672 956 757 1026 πολὺ
781 955 1019 1049 ἀπορεῖςςτήν
1032 955 1169 1049 Ἰκορίον

15 1068 16 1077 ’
139 1064 226 1148 λέγω
245 1060 448 1149 Πηνελόπην.

14 1150 16 1165 ’
191 1174 279 1229 ΕΡΜ.
313 1159 401 1230 Εἶτα
426 1167 462 1230 τί
486 1169 651 1231 παθοῦσα
677 1161 780 1252 ἀκείνη
808 1159 874 1230 ἀντ’
894 1161 974 1250 ἐμοῦ
1000 1162 1109 1254 τράγῳ
1132 1186 1171 1230 σε

55 1286 60 1297 ’
139 1260 257 1351 ὅμοιον
275 1264 397 1349 ότεκενς

191 1372 278 1435 HAN-
318 1365 429 1456 Λάτής
450 1369 571 1456 ἐκείνης
592 1368 690 1456 λόγον
711 1394 766 1439 σοι
787 1369 867 1460 ἐρῦ·
891 1365 947 1438 ότε
963 1370 1025 1460 γόρ
1042 1392 1083 1455 με
1095 1367 1203 1451 ’ίξέ-ίι

13 1470 15 1561 j
137 1496 273 1556 πεμπεν
287 1470 345 1539 ίπλ
357 1469 415 1558 τήν
429 1468 606 1561 ν’ίρκαῦίαν,
622 1463 676 1539 “ὦ
692 1483 772 1555 παῖ,
790 1473 897 1562 μήτηρ
909 1477 968 1558 μέν
987 1469 1074 1554 σοι,”
1095 1471 1169 1561 ἔφη,

12 1592 13 1597 ’
132 1571 229 1662 ’Ἱγιό
247 1573 330 1659 είμι,
353 1575 527 1661 Πηνελόπη
549 1571 570 1663 ή
588 1581 807 1663 Σπαρτιᾶτις,
835 1574 892 1643 τὸν
913 1580 1041 1664 πατέρα
1064 1575 1100 1643 ἀὲ
1120 1580 1172 1661 γί-

12 1668 14 1725 ἶ
138 1700 264 1765 γνωσκε
277 1674 361 1744 θεὸν
374 1675 454 1760 ἔχων
464 1673 582 1765 Ἑρμήν
593 1682 705 1755 Μαίας
716 1678 872 1757 καίΔιός.
904 1679 934 1745 εί
952 1679 988 1745 δὲ
1005 1676 1171 1766 κερασφό-

137 1805 199 1868 ρος
215 1781 272 1847 καί
288 1776 505 1866 τραγοσκελὴς
523 1775 566 1860 εί,
590 1776 635 1866 μή
658 1782 803 1847 λυπείτω
827 1799 879 1847 σε·
906 1775 1011 1848 ὁπότε
1032 1775 1105 1867 γάρ’
1111 1800 1172 1865 μοι

142 1883 255 1972 συνῄει
274 1879 292 1950 ὅ
310 1880 421 1971 πατήρ
441 1878 459 1949 ό
478 1880 550 1963 σὸς,
573 1882 684 1969 τράγῳ
703 1880 820 1949 ἑαυτὸν
838 1880 1025 1963 ἀπείκασεν,
1050 1879 1096 1962 ὥς
1112 1881 1172 1948 λό-

138 1992 216 2067 θοι,
236 1986 292 2052 καὶ
310 1982 367 2052 διὰ
384 1990 482 2052 τοῦτο
501 1979 616 2070 ὅμοιος
634 1980 762 2072 ἀπέβης
778 1990 826 2072 τῷ
843 1979 984 2073 τρόγην.”

181 2088 280 2150 'EPM.
318 2084 370 2174 Νὴ
394 2093 473 2168 Δία,
499 2091 667 2177 μέμνημαι
688 2088 835 2175 ποιήσας
854 2085 1007 2154 τοιοῦτόν
1027 2111 1071 2152 τι.
1108 2082 1171 2172 ίγώ

9 2268 10 2271 ¹
139 2181 199 2259 οῦν
217 2215 237 2257 ο
223 2186 313 2256 ιἐπὶ
330 2189 443 2257 κάλλει
454 2194 544 2277 ’μίγα
561 2197 701 2281 φρονοῦν,
722 2189 770 2258 ἐ’τι
784 2187 929 2278 ἀγένειος
942 2185 1042 2268 αὐτὸς
1055 2183 1099 2256 όίν
1113 2185 1173 2268 σὸς

139 2320 251 2386 πατηρ
273 2292 473 2380 κεκλήσομαι
491 2294 549 2360 καὶ
566 2297 696 2380 γέλωτα
719 2290 856 2412 ὀφλήσω
878 2289 973 2382 παρὰ
993 2298 1098 2361 πᾶσιν
1115 2289 1174 2360 ἐπὶ

137 2425 180 2487 τη
164 2393 376 2484 ἠεόπαιάίς

193 2505 281 2561 IIAN
319 2422 441 2565 Κάί
402 2523 466 2586 μην
484 2493 521 2564 οῦ
539 2497 743 2580 καταισχόνω
762 2522 813 2580 σε,
833 2489 860 2566 ὦ
874 2499 996 2587 πάτερ
1014 2496 1206 2582 μουσικόςε

139 2628 179 2672 τι
203 2602 267 2689 γάρ
290 2599 360 2685 εἶμι
380 2602 437 2667 καί
458 2599 579 2689 συρίζω
601 2600 689 2668 πάνυ
711 2598 869 2687 κοπνρὸν,
895 2603 953 2667 καί
973 2598 993 2667 ό
1012 2600 1174 2677 Διόνυσος

142 2702 237 2773 οῦδὲν
261 2701 340 2788 ἐμοῦ
364 2699 440 2769 ἀνευ
462 2713 574 2769 ποιεῖν
596 2702 747 2785 δύναται,
775 2699 844 2770 ἀλλ’
865 2700 995 2790 ἑταῖρον
1015 2703 1072 2768 καί
1092 2707 1175 2768 θια-

104 2878 107 2883 Ᾰ
140 2808 252 2893 σιότην
270 2808 457 2892 πεποίηταί
469 2829 525 2889 με,
547 2807 604 2872 καί
621 2801 766 2893 ήγοῦμαι
782 2802 872 2893 αὐτῷ
893 2810 955 2873 τοῦ
974 2810 1092 2890 χοροῦ·
1118 2804 1175 2869 καὶ

126 2908 187 2980 ,τὰ
206 2913 348 2993 ποίμνια
370 2908 407 2974 ἀὲ
429 2906 460 2975 εί
480 2907 627 2977 θεάσαιό
649 2932 729 2994 μου,
753 2905 866 2977 ὁπόσα
882 2909 960 2998 περί
982 2911 1100 2995 Τεγέαν
1119 2908 1176 2975 καί

143 3010 208 3080 ἀνὰ
225 3008 264 3078 τὸ
282 3013 471 3098 Παρθένιον
488 3009 565 3094 όχω,
589 3010 676 3079 πάνυ
699 3008 849 3101 ἡσθήσῃ·
875 3005 965 3100 ἀρχω
988 3011 1025 3078 δὲ
1045 3012 1100 3077 καί
1117 3015 1176 3097 τής

139 3112 311 3203 Ἀρκαδίας
328 3110 477 3201 ἀπόσης·
498 3113 615 3203 πρῴην
633 3115 670 3182 δὲ
686 3116 742 3181 καί
755 3111 943 3201 Ἀθηναίοις
961 3113 1177 3202 συμμαχήσας
1302 3118 1305 3124 ’

144 3213 252 3296 οότως
273 3211 451 3303 ἠρίστευσα
471 3223 661 3307 Μαραθῶνι
683 3213 769 3284 ὥστε
793 3219 851 3284 καί
877 3213 1043 3304 ἀριστεῖον
1068 3213 1175 3304 ᾑρέθη

143 3344 219 3407 μοι,
237 3316 276 3385 τὸ
290 3315 358 3386 ῦπὸ
371 3325 410 3409 τῇ
425 3315 606 3406 ἀκροπόλει
624 3319 798 3408 σπήλαιον.
825 3315 865 3407 ἢν
881 3326 960 3407 γοῦν
978 3319 1026 3399 είς
1035 3313 1176 3405 Ἀθήνας

146 3421 264 3511 ἔλθῃς,
284 3420 356 3510 εἴσῃ
376 3418 454 3489 ὅσον
472 3420 540 3489 ἐκεί
553 3428 613 3490 τοῦ
631 3420 741 3502 Πανὸς
759 3419 873 3506 όνσμα.

197 3536 285 3593 ΕΡΜ.
323 3523 413 3591 Εἰπὲ
434 3526 472 3590 δέ
491 3550 564 3609 μοι,
590 3524 799 3612 γεγόμηκας,’
818 3514 846 3590 τό
864 3520 944 3605 Πὰν,
971 3519 1051 3612 ήάης
1075 3528 1211 3593 τοῦτοί

145 3624 224 3714 γὰρ,
245 3623 353 3711 οἶμαι,
372 3628 512 3694 καλοῦσί
498 3633 577 3697 ίσε.

198 3734 287 3791 IIAN
328 3721 551 3814 Οόδαμιῦς,
523 3756 550 3797 ω
568 3729 689 3817 πάτερ·
708 3727 921 3819 ίρωτικὸς’
879 3754 944 3818 γαρ
960 3727 1029 3847 εἰμι
1045 3725 1155 3795 καί’
1118 3716 1177 3797 ουκ

148 3827 190 3899 ἂν
208 3829 421 3920 ἀγαπήσαιμι
438 3829 544 3900 συνὼν
560 3839 633 3921 μιᾷ.

200 3942 287 3999 nm
328 3944 408 4016 Ταῖς
425 3925 482 4004 σόν
500 3934 569 4016 αἰξὶ
586 3933 709 4024 δηλαδη
727 3933 915 4026 ἐπιχειρεῖς.

201 4042 293 4123 Ποῖ-ί.ι
326 4037 374 4107 Συ
395 4039 455 4126 μὲν
476 4039 654 4123 σκώπτεις,
682 4036 746 4127 ἐγὼ
768 4041 805 4108 ἀὲ
825 4040 866 4132 τῇ
882 4065 922 4109 τε
937 4035 1029 4126 Ἠχοῖ
1051 4040 1106 4108 καί
1135 4043 1177 4129 τῇ
