2740 4648
399 248 464 305 xx
484 247 745 308 οοεεοεεεεοΣ
766 253 791 309 1.
1045 240 1110 310 279

14 414 15 417 ,
82 366 178 430 σθαι.
216 353 277 424 ἰπὶ
300 359 380 443 γοῦν
404 359 464 423 τοῦ
489 354 625 443 πρώτου
647 361 817 442 ’Σεβαστοῦ
842 359 898 427 καὶ
922 359 1052 430 τοιόνδε
1076 388 1111 432 τι
1127 380 1164 434 18

81 464 209 550 λέγεται
224 463 399 546 γενέσθαι·
418 454 437 526 δ
453 459 514 543 μέν
531 457 622 543 ἔτυχε
640 459 731 548 δίκην
747 457 822 529 τινὰ
840 461 978 543 δικάσας
995 459 1112 555 ὀρθῶς

81 566 137 634 καλ
153 560 328 642 ἀπολύσας
344 558 544 649 ἐγκλήματος
559 567 620 631 τοῦ
636 568 792 650 μεγίστου
811 560 933 644 ἀδίκως
947 589 1111 656 συκοφαν-

81 666 236 752 τούμενον
262 660 460 745 ἀνθρωπον,
492 661 511 731 δ
538 665 575 732 δὲ
598 665 694 753 χάριν
721 661 891 754 ὁμολογῶν
919 669 1044 758 μεγάλῃ
1070 677 1110 759 τῇ

82 776 185 862 φωνῇ,
201 764 320 857 ι’χάριν
338 762 415 834 οἰδά
433 762 518 848 σοι,”
538 767 615 856 έφη,
631 758 684 834 “03
703 765 914 858 αἰτοκρότορ,
933 766 988 840 ότι
1004 778 1112 852 κακῶς

82 876 139 942 καὶ
152 869 274 950 ἀδίκως
288 866 480 948 ἰδίκασας·”
499 872 555 937 καὶ
571 876 638 938 τῶν
654 873 732 960 περὶ
745 871 912 958 Σεβαστὸν
930 870 1113 963 ἀγανακτη-

81 979 209 1047 σάντων
240 975 296 1041 καὶ
326 971 586 1041 διασπάσασθαι
615 970 672 1042 τὸν
703 969 895 1061 ἀνθρωπον
916 975 1108 1059 ἐθελόντων,

77 1076 287 1149 ((παόσασθε
310 1073 597 1159 χαλεπαίνοντος,”
627 1074 747 1156 ἐκεῖνος
774 1077 854 1166 ἔφη·
876 1074 940 1145 ((οά
963 1077 1026 1169 γὰρ
1052 1078 1111 1167 τὴν

81 1186 230 1272 γλῶτταν
249 1176 360 1260 αἰτοῦ,
381 1175 464 1246 ἀλλά
480 1176 539 1266 τὴν
556 1179 686 1267 γναίμηυ
700 1177 859 1263 ἐξετάζειν
873 1177 995 1263 ἀξιον.”
1028 1180 1113 1249 έκεῖ-

81 1312 137 1366 νας
153 1285 213 1369 μὲν
230 1273 288 1350 σόν
306 1277 425 1361 οάτως·
444 1280 485 1349 σδ
505 1278 536 1349 δ’
549 1281 615 1349 εἰτε
631 1280 688 1369 τὴν
704 1282 834 1370 γνώμην
851 1289 1004 1370 σκέψαιο,
1023 1284 1111 1353 πάνυ

80 1386 196 1457 εἰνουν
219 1382 379 1474 εὑρήσεις,
409 1384 475 1452 εἴτε
495 1382 553 1470 τὴν
578 1387 738 1471 γλῶτταν,
767 1382 914 1474 εάφημος
939 1388 995 1454 καὶ
1017 1384 1110 1475 αἰτή.

82 1490 176 1560 ἔοικα
198 1485 230 1556 δ’
246 1486 393 1555 ένταῦθα
413 1483 475 1574 ἤδη
497 1488 668 1573 γενόμενος
690 1486 825 1568 εἰκότως
847 1484 928 1573 ἀλλο
949 1514 984 1555 τι
1005 1489 1113 1576 φοβή·
1131 1508 1162 1559 19

81 1599 222 1674 σεσθαι,
249 1591 295 1679 μή
318 1614 388 1658 τισι
411 1589 497 1671 δόξω
522 1588 710 1677 ἐξεπίτηδες
731 1587 962 1679 ἡμαρτηκέναι,
991 1587 1038 1671 ὥς
1054 1589 1112 1680 τὴν

81 1693 267 1781 ἀπολογίαν
284 1692 405 1781 ταότην
423 1692 663 1781 συγγράψαιμι.
698 1695 753 1759 καὶ
771 1694 821 1780 εἰη
844 1718 893 1779 γε,
923 1684 950 1760 αἰ
973 1697 1112 1783 φίλτατε
1193 1766 1196 1772 ,

79 1795 262 1884 Ἀσκληπιὲ,
281 1801 433 1864 τοιοῦτον
447 1801 590 1884 φανῆναι
603 1792 659 1861 τόν
673 1795 779 1881 λόγον,
799 1792 902 1883 ώςμὴ
918 1792 1110 1884 ἀπολογίαν,

83 1896 153 1968 ἀλλ’
170 1897 361 1980 ἐπιδείξεως
378 1895 531 1988 ἀφορμὴν
549 1895 634 1966 εἰναι
651 1898 768 1966 δοκεῖν.

182 2136 500 2208 ΕΡΜΟΤΙΜΟΣ
526 2140 562 2205 Η
588 2139 716 2205 ΠΕΡΙ
740 2138 1018 2207 ΑΙΡΕΣΕΩΝ.

132 2308 311 2371 Ammon.
339 2288 444 2376 Ὅσον,
469 2284 698 2382 ιάῈρμότιμε,
719 2299 769 2382 τῷ
785 2296 904 2381 βιβλίῳ
923 2295 978 2359 καὶ
995 2297 1034 2382 τῇ
1052 2296 1112 2359 τοῦ
1133 2313 1146 2360 1

78 2400 291 2488 βαδίσματος
309 2397 701 2486 σπουδῇσεκμήρασθαι,
729 2395 822 2484 παρὰ
839 2395 896 2463 τὸν
914 2395 1114 2464 διδάσκαλον

80 2500 288 2589 ἐπειγομένῳ
311 2497 435 2579 ἔοικας·
463 2497 603 2578 ἐνενόεις,
620 2504 697 2586 γοῦν
718 2525 752 2564 τι
768 2498 890 2582 μεταξὺ
912 2497 1041 2588 προϊὼν
1058 2499 1115 2565 καί

82 2603 127 2675 τδι
146 2606 235 2691 χείλη
255 2602 442 2682 διεσάλευες
458 2598 565 2690 ἠρέμα
581 2598 857 2686 ὑποτονθορύζων
875 2603 931 2667 καί
947 2597 1005 2686 τὴν
1020 2612 1116 2687 χεῖρα

83 2698 155 2777 ὦδε
171 2703 301 2774 κάκεῖσε
316 2709 494 2794 μετέφερες
512 2698 626 2794 ὥσπερ
643 2700 718 2770 τινά
732 2704 826 2790 ῥῆσιν
839 2700 1028 2771 ἰπὶέαυτοῦ
1043 2701 1117 2768 δια-

82 2814 272 2894 τιθέμενος,
291 2807 443 2897 ἰριότημα
453 2806 492 2894 δή
503 2812 610 2874 τιτῶν
624 2803 770 2894 ἀγκύλων
782 2801 979 2893 συντιθεὶςῆ
989 2809 1117 2889 σκέμμα
1206 2830 1210 2849 '·

81 2911 284 3000 σοφιστικὸν
302 2909 555 3002 ἀναφροντίζων,
581 2904 627 2989 ιδς
642 2909 726 2996 μηδὲ
748 2905 817 2995 ὁδῷ
834 2908 978 2994 βαδίζων
1000 2905 1118 2995 σχολὴν

81 3013 195 3103 ἀγοις,
216 3010 284 3080 ἀλλ’
297 3012 424 3101 ἰνεργδς
442 3013 510 3101 εἰης
528 3010 582 3080 ἀεὶ
600 3011 785 3080 σπουδαῖόν
801 3037 835 3079 τι
852 3011 1007 3095 πράττων
1024 3009 1115 3079 καλό

81 3115 156 3207 πρὸ
176 3113 255 3183 όδοῦ
274 3140 329 3184 σοι
346 3113 461 3202 γένοιτ’
478 3113 518 3183 ἀν
536 3114 570 3195 ές
586 3114 629 3183 τά
645 3114 840 3202 μαθήματα.

140 3232 227 3288 ΕΡΜ.
261 3216 313 3304 Νὴ
332 3215 398 3299 Δί’,
424 3209 451 3284 ὦ
468 3228 601 3299 Λυκῖνε,
624 3218 756 3286 τοιοῦτό
774 3237 823 3284 τι·
845 3215 903 3305 τὴν
920 3214 982 3305 γὰρ
998 3214 1118 3304 χθιζην

79 3323 266 3392 συνουσίαν
283 3322 338 3385 καὶ
356 3317 378 3385 ἃ
397 3316 470 3386 εἰπε
481 3318 574 3407 πρὸς
590 3315 690 3405 ἡμᾶς,
720 3316 996 3405 ἀνεπεμπαζόμην
1014 3316 1118 3384 ἰπιών

81 3430 124 3513 τῇ
145 3419 254 3509 μνήμη
274 3419 404 3488 ἕκαστα.
428 3418 489 3509 χρὴ
509 3422 545 3487 δὲ
557 3421 680 3507 μηδένα
697 3417 819 3505 καιρὸν,
840 3415 943 3502 οἶμαι,
962 3423 1119 3507 παριέναι

84 3525 221 3605 εἰδότας
243 3519 368 3609 ἀληθές
389 3519 426 3592 δν
447 3522 486 3591 τὸ
508 3519 576 3591 ὑπὸ
598 3528 657 3591 τοῦ
679 3521 776 3609 Κῴου
800 3520 914 3609 ἰατροῦ
941 3518 1116 3608 εἰρημένον,

83 3624 137 3709 ὡς
154 3622 382 3717 ἀρα,“βραχδς
397 3626 456 3711 μὲν
474 3622 493 3695 δ
510 3631 597 3712 βίος,
626 3622 734 3712 μακρὴ
755 3619 827 3711 δὲὴ
850 3620 973 3710 τέχνη.”Υ
1009 3628 1119 3690 καίτοι

87 3728 211 3809 ἐκεῖνος
233 3728 379 3819 ἰατρικῆς
403 3733 483 3818 πέρι
508 3724 597 3795 ταῦτ’
612 3725 732 3815 ἔλεγεν,
760 3723 1005 3816 εἰμαθεστέρου
1032 3724 1120 3813 πρά-

85 3849 230 3920 γματος·
255 3834 443 3920 φιλοσοφία
466 3831 502 3898 δέ
523 3832 579 3903 καὶ
599 3835 714 3919 μακρῷ
735 3834 783 3916 τῷ
802 3827 910 3918 χρόνῳ
934 3825 1117 3916 ἀνέφικτος,

86 3928 131 4019 ἢν
148 3930 195 4021 μὴ
219 3933 306 4003 πάνυ
328 3959 381 4015 τις
402 3930 585 4022 ἐγρηγορὼς
607 3928 718 4011 ἀτενές
738 3927 792 3999 ἀεὶ
812 3932 868 3999 καλ
888 3930 1006 4021 γοργόν
1029 3927 1119 3999 ἀπο-

85 4032 197 4125 βλέπῃ
216 4031 264 4116 εἰς
281 4031 394 4126 αἰτίην,
419 4033 535 4106 καὶτὸ
557 4030 809 4133 κινδάνευμαοά
833 4036 912 4122 περὶ
932 4038 1070 4123 μικράν,
1097 4027 1119 4122 ἢ
