2724 4634
344 241 425 300 VIII,
447 244 570 341 omns
581 244 743 303 ΔΙΑΔΟΓ
748 247 793 303 01
814 247 908 304 16.17.
1095 235 1135 302 81

99 344 277 437 metm
295 373 335 437 γε
352 343 421 427 διεδ
442 356 507 418 τῶν
529 355 753 440 συνετωτέρων
773 348 816 419 τὰ
836 348 946 420 πολλὰ
966 353 1139 439 τερατευό-

103 471 218 539 μενος·
241 444 343 532 αύτδς
358 457 437 539 γοῦν
454 449 473 521 δ
491 453 608 538 μάντις
627 450 738 544 ῆγνόει
758 454 817 540 μὲν
839 449 893 525 ότι
909 456 1064 544 φονεύσει
1079 452 1137 525 τδν

97 553 270 642 ,ἐρώμενον
287 560 335 643 τῷ
353 556 469 643 δίσκῳ,
498 551 537 624 οὗ
555 555 843 644 προεμαντεύσατο
862 557 899 624 δέ·
919 554 965 637 ὥς
983 559 1139 647 φεύξεται

103 653 207 725 αότδν
222 653 385 748 ῆΔόφυη,
404 659 460 725 καί
476 664 580 726 ταῦτα
599 653 684 726 οῦτω
701 656 800 729 καλὸν
817 660 872 727 καί
889 659 1030 748 κομῆτην
1049 657 1136 731 ῦντα.

103 756 194 829 ὥστε
212 756 271 844 οῦχ
286 756 357 848 όριῦ
373 759 500 829 καθότι
516 762 781 850 καλλιτεκνοτέρα
797 767 855 849 τῆς
867 760 993 848 Νιόβης
1011 761 1136 843 ἔδοξας.

155 862 244 941 ΛΗΤ.
282 868 393 931 Ταῦτα
408 867 522 949 μέντοι
536 859 580 932 τὰ
592 868 702 946 τέκνα,
721 859 741 951 ῆ
756 862 940 945 ξενοκτόνος
952 866 1008 933 καί
1021 860 1039 932 δ
1052 876 1137 951 ψευ-
1154 887 1170 937 ῖ

102 965 277 1050 δόμαντις,
309 960 386 1033 οἶδα
412 960 511 1047 ὅπως,
531 969 633 1034 λυπεῖ
652 989 690 1033 οε
712 961 862 1055 δρώμενα
884 963 917 1033 ἐν
937 978 1009 1045 τοῖς
1029 972 1135 1049 θεοῖς,

11 1082 12 1087 ’
101 1069 160 1135 καὶ
176 1066 323 1153 μάλιστα
339 1062 469 1136 ῦπόταν
484 1064 505 1158 ῆ
522 1068 581 1153 μέν
598 1065 773 1156 ἐπαινῆται
795 1064 829 1147 ἐς
845 1065 884 1135 τὸ
902 1068 1033 1149 κάλλος,
1062 1064 1081 1135 ό
1098 1069 1137 1136 δέ

101 1169 261 1260 κιθαρίζῃ
280 1167 377 1259 ἐντῷ
395 1175 574 1259 συμποσίῳ
591 1169 844 1255 θαυμαζόμενος
860 1166 916 1259 ὑφ’
932 1166 1097 1239 ἁπάντων.

155 1274 242 1335 Hm
277 1268 448 1360 Ἐγέλασα,
477 1262 647 1360 ὦΛητσῖ·
675 1271 796 1352 ἐκεῖνος
817 1271 1028 1357 θαυμαστός,
1061 1268 1134 1343 ῦνό

101 1375 278 1462 Μαρσύας,
303 1374 333 1443 εί
349 1371 392 1442 τδι
410 1375 522 1443 δίκαια
540 1373 576 1442 αλ
592 1380 725 1443 Μοῦσαι
743 1375 877 1443 δικάσαι
894 1370 1028 1463 ῆθελσν,
1053 1372 1137 1445 δοιό-

101 1478 212 1564 δειρεν
229 1473 270 1544 δν
287 1474 386 1557 αὐτὸς
402 1475 568 1566 κρατήσας
582 1481 624 1566 τῆ
640 1483 798 1566 μουσικῆς
822 1483 877 1546 νῦν
895 1478 932 1544 δὲ
952 1501 1137 1568 κατασοφι-

102 1581 203 1659 σθείς
231 1574 354 1658 ῦθλιος
380 1575 552 1646 όπόλωλεν
578 1575 701 1660 ἀδίκως
727 1577 842 1659 ἁλούς·
868 1575 889 1668 ῆ
913 1579 949 1647 δὲ
970 1580 1050 1670 καλῆ
1074 1602 1134 1647 σου

100 1684 276 1770 παρθένος
302 1677 389 1748 οῦτω
414 1681 496 1768 καλῆ
523 1679 611 1749 ἐστιν
634 1676 720 1750 ὥστε
741 1680 816 1750 ἐπεὶ
838 1680 963 1768 ἐμαθεν
985 1678 1136 1771 ὀφθεῖσα

101 1779 175 1861 ῦπὸι
186 1790 245 1850 τοῦ
250 1780 454 1866 Ἀκταίωνος,
470 1787 664 1873 φοβηθεῖσα
672 1781 718 1872 μῆ
730 1779 749 1851 δ
760 1789 926 1863 νεανίσκος
939 1782 1134 1873 ἐξαγορεύσῃ

100 1883 143 1955 τὸ
153 1882 267 1969 αἶσχος
280 1881 392 1974 αύτῆς,
408 1884 577 1975 ἐπαφῆκεν
585 1880 675 1973 αύτῷ
683 1874 761 1964 τοὺς
769 1884 880 1965 κύνας·
899 1883 943 1952 ἐῶ
955 1884 1018 1973 γὰρ
1032 1887 1135 1970 λέγειν

102 1983 159 2056 ῦτι
175 1985 252 2056 οῦδὲ
268 1986 328 2067 τὰς
344 1987 486 2067 κυούσας
504 1986 659 2073 ἐμαιοῦτο
676 1991 847 2076 παρθένος
863 2011 900 2072 γε
918 1982 1000 2074 αύτῆ
1019 1976 1112 2054 οῦσα.

154 2096 242 2152 ΔΗΤ.
275 2095 382 2177 Μέγα,
411 2080 548 2178 ιόἮρα,
577 2101 724 2179 φρονεῖς,
753 2085 807 2161 ὅτι
829 2089 920 2157 σύνει
939 2093 987 2176 τῷ
1004 2089 1062 2157 Διί
1078 2089 1135 2155 καί

101 2192 357 2279 συμβασιλεύεις
374 2188 477 2280 αύτῷ,
495 2194 552 2259 καί
570 2190 627 2260 διὰ
643 2197 742 2259 τοῦτο
756 2188 898 2279 ῦβρίζεις
911 2187 1031 2270 ἀδεῶς·
1049 2186 1134 2279 πλὴν

102 2291 171 2363 ἀλλ’
189 2291 323 2381 όψομαί
339 2319 377 2363 σε
393 2291 460 2379 μετ’
476 2291 584 2382 ὀλίγον
602 2285 704 2372 αὖθις
723 2293 936 2382 δακρύουσαν,
957 2290 1082 2360 ὁπόταν
1096 2316 1133 2360 σε

99 2394 294 2465 καταλιπὼν
312 2395 345 2477 ἐς
361 2395 419 2486 τῆν
435 2403 494 2485 γῆν
510 2402 605 2485 κατίῃ
622 2401 743 2482 ταῦρος
759 2391 781 2483 ῆ
798 2395 910 2475 κύκνος
926 2394 1107 2482 γενόμενος.

597 2580 640 2636 17.

341 2682 607 2741 ΔΠΟΔΔΩΝΟΣ
628 2681 704 2737 ΚΑΙ
724 2681 886 2738 ΕΡΜΟΥ.

152 2813 214 2869 All
252 2810 292 2873 Τί
306 2807 417 2895 γελῆς,
441 2795 601 2893 ύἙρμῆς
1150 2821 1166 2871 1

151 2915 240 2974 ΕΡΜ.
267 2903 334 2978 ‘'On
350 2907 556 2994 γελοιότατα,
577 2895 790 2987 ιῦὶίτσολλσυ,
810 2900 909 2974 εἶδον.

152 3019 213 3074 An.
247 3010 339 3078 Εἰπὲ
353 3000 424 3092 οῦν,
445 3005 491 3091 ὥς
507 3011 564 3076 καί
581 3005 681 3088 αύτὸς
698 3005 843 3087 ἀκούσας
860 3005 923 3090 ἐχω
942 3008 1109 3095 συγγελᾶν.

151 3120 240 3193 EPM.
270 3109 309 3180 ‘H
319 3108 493 3201 Ἀφροδίτη
516 3117 659 3179 συνοῦσα
679 3117 727 3198 τῷ
741 3107 826 3200 Ἄρει
842 3111 1056 3198 κατείληπται
1076 3111 1132 3177 καί

98 3211 315 3303 δἫφαιστος
332 3212 445 3301 ’όδησεν
463 3209 583 3295 αύτούς
600 3213 782 3298 συλλαβών.

151 3326 213 3380 ΛΠ
247 3322 341 3401 Πῶς·
367 3313 430 3403 ἡδὺ
447 3316 510 3405 γάρ
527 3342 562 3383 τι
580 3314 665 3403 ἐρεῖν
683 3314 801 3393 ἐσικας.

151 3426 239 3483 Em
271 3416 323 3487 Ἐκ
330 3420 471 3500 πολλοῦ,
490 3414 597 3503 οἶμαι,
615 3423 721 3485 ταῦτα
729 3416 825 3496 εἰδὼς
836 3414 991 3503 ἐθήρευεν
1000 3410 1128 3497 αύτούς,

98 3525 157 3590 καί
169 3523 248 3611 περί
260 3518 317 3610 τῆν
333 3516 426 3608 εῦνῆν
440 3516 549 3609 ῦφανῆ
563 3518 668 3605 δεσμὰ
681 3521 835 3609 περιθείς
848 3517 1013 3606 εἰργάζετο
1028 3510 1132 3583 ἄπελ-

97 3623 176 3695 θών
195 3624 253 3692 ἐπί
269 3621 327 3712 τῆν
343 3623 493 3708 κύμινον·
516 3619 587 3689 εἶτα
605 3618 623 3690 δ
641 3619 795 3711 μὲνίῗίρης
810 3620 990 3709 εἰσέρχεται
1002 3616 1127 3700 λαθὼν,

97 3726 148 3808 ὥς
166 3725 265 3816 ᾤετο,
291 3731 424 3815 καθορᾷ
445 3725 482 3792 δὲ
505 3720 603 3792 αὐτὸν
621 3719 760 3804 ὁἭλιος
782 3724 839 3793 καὶ
858 3723 945 3809 λέγει
966 3718 1051 3807 πρὸς
1071 3717 1130 3788 τὸν

85 3825 288 3919 Ἥφαιστον.
325 3827 400 3899 ἐπεὶ
426 3828 463 3894 δὲ
489 3824 653 3913 ἐπέβησαν
676 3832 738 3894 τοῦ
764 3828 879 3908 λέχους
903 3825 960 3890 καί
986 3822 1020 3891 ἐν
1044 3822 1144 3913 ἔργῳ,

96 3923 184 4022 ἦσαν
201 3936 257 4001 καί
275 3928 365 4011 ἐντὸς
383 3929 564 4020 ἐγεγένηπο
581 3935 647 3996 τῶν
661 3926 800 4018 ἀρκύων,
820 3927 1053 4016 περιπλέκεται
1069 3926 1128 4011 μὲν

83 4031 216 4112 ·αύτοῖς
232 4030 275 4100 τδι
293 4031 412 4120 δεσμὰ,
438 4032 616 4124 ἐφίσταται
634 4032 670 4099 δέ
688 4027 909 4126 ῦἭφαιστος.
945 4027 1046 4118 ἐκείνη
1065 4030 1128 4115 μὲν

153 4133 251 4180 lanciani
263 4134 331 4182 ουλί.
924 4132 942 4186 6

1230 3624 1242 3663 ί
