2722 4646
460 185 788 244 κυιειοπιο-α.
1102 173 1156 242 45·

99 305 183 375 τοῖς
205 291 333 374 λύκοις,
358 292 418 359 καί
438 293 536 381 φίλος
557 288 606 370 είς
630 296 749 379 Τίμων.
793 290 827 360 ολ
848 292 885 360 δέ
905 289 1004 363 ἀλλον
1024 290 1147 375 πάντες
1162 316 1198 366 43

101 396 230 484 ἐχθροὶ
254 398 310 462 καὶ
333 392 521 480 ἐπίβουλοι·
546 390 662 462 καὶτὸ
684 396 932 484 προσομιλῆσαί
951 422 1017 465 τινι
1039 393 1145 465 αύτῶν

100 504 261 586 μίασμα·
287 492 398 584 καλήν
415 520 489 564 τινα
506 495 568 563 ἰ’δω
585 495 699 582 μόνον,
726 494 886 585 ἀποφράς
902 493 922 584 ή
940 493 1060 589 ήμέρα·
1090 501 1147 567 καί

103 596 201 682 όλως
222 597 425 687 ἀνδριάντων
451 601 590 667 λιθίνων
615 594 637 688 ἢ
656 600 783 681 χαλκῶν
803 598 904 684 μηδὲν
929 595 1007 688 ήμῖν
1029 602 1147 690 διαφε·
1257 605 1260 613 '

105 709 279 793 ρέτωσαν·
313 704 370 768 καλ
389 700 473 789 μήτε
493 701 615 789 κήρυκα
638 701 814 785 δεχώμεθα
836 697 913 787 παρ’
930 698 1037 770 αὐτῶν
1063 704 1146 790 μήτε

103 801 263 885 σπονδὰς
281 799 520 888 σπενδώμεθα·
546 799 568 891 ή
586 801 705 892 ἐρημία
727 804 763 870 δέ
781 798 859 891 όρος
876 802 960 870 έστω
978 803 1065 897 πρὸς
1086 802 1146 871 αύ-

102 907 202 988 τούς.
236 909 375 996 φυλέται
393 907 502 972 δὲκαὶ
519 904 680 994 φράτερες
689 908 748 977 καὶ
762 906 904 993 δημόται
916 908 971 972 καὶ
987 902 1007 993 ή
1025 909 1147 993 πατρίς

105 1007 195 1098 αύτὴ
218 1007 332 1095 ψυχρὰ
353 1010 409 1076 καὶ
430 1005 583 1097 ἀνωφελῆ
606 1002 753 1092 ὀνόματα
773 1010 830 1075 καὶ
852 1005 997 1097 ἀνοήτων
1019 1004 1146 1097 ἀνδρῶν
1190 1020 1192 1025 ’

105 1112 374 1201 φιλοτιμήματα.
401 1112 585 1178 πλουτείτω
601 1109 636 1176 δέ
648 1114 756 1194 Τίμων
768 1109 870 1194 μόνος
881 1113 936 1178 καί
949 1108 1147 1199 ὑπεροράτω

105 1212 272 1282 ἁπάντων
289 1216 344 1279 καλ
361 1214 518 1301 τρυφάτω
535 1211 637 1296 μόνος
657 1207 735 1279 καθ’
746 1210 875 1296 ἑαυτὸν,
903 1216 1072 1292 κολακείας
1089 1215 1146 1280 καὶ

106 1315 259 1384 ἐπαίνων
281 1322 447 1404 φορτικῶν
469 1312 730 1403 ἀπηλλαγμένος·
760 1317 817 1382 καλ
837 1321 934 1396 θεοῖς
955 1322 1067 1383 θυέτω
1089 1318 1145 1382 καλ

107 1418 307 1502 εὐωχείσθω
325 1418 426 1501 μόνος
444 1415 549 1503 ἑαυτῷ
566 1422 682 1503 γείτων
693 1417 749 1484 καὶ
767 1412 902 1505 ὅμορος,
922 1415 998 1498 ἑκὰς
1016 1415 1062 1484 ῶν
1078 1423 1144 1484 τῶν

107 1516 232 1589 ἀλλων.
272 1521 328 1586 καλ
346 1515 439 1601 ἅπαξ
455 1516 570 1586 ἐαυτὸν
588 1518 818 1600 δεξιώσασθαι
836 1520 1002 1603 δεδόχθω,
1030 1516 1069 1606 ήν
1087 1520 1144 1608 δέη

107 1621 317 1703 ἀποθανεῖν,
343 1624 399 1688 καὶ
417 1621 523 1709 ἑαυτῷ
542 1626 703 1709 στέφανον
725 1620 915 1709 ἐπενεγκεῖν.
962 1618 1016 1688 καλ
1039 1617 1144 1705 όνομα
1162 1642 1196 1690 44

107 1726 171 1813 μὲν
190 1723 275 1792 έστω
295 1720 312 1790 5
331 1723 584 1810 Μισάνθρωπος
605 1718 752 1811 ήδιστον,
780 1712 840 1790 τού
856 1725 984 1811 τρόπου
1009 1724 1044 1792 δὲ
1061 1739 1145 1811 γνω-

109 1834 259 1916 ρίσματα
277 1826 432 1893 δυσκολία
449 1828 504 1892 καὶ
516 1825 675 1913 τραχύτης
686 1828 743 1893 καὶ
756 1826 910 1912 σκαιότης
922 1831 977 1892 καὶ
992 1823 1070 1915 ὀργή
1088 1829 1145 1892 καὶ

112 1927 360 2015 ἀπανθρωπία’
384 1926 414 1995 εἰ
433 1929 470 1995 δέ
486 1954 560 1996 τινα
576 1928 684 2013 ἰ’δοιμι
706 1926 738 1995 ἐν
759 1929 842 2014 πυρὶ
865 1928 1144 2017 διαφθειρόμενον

111 2034 169 2098 καὶ
194 2030 448 2115 κατασβεννύναι
475 2030 670 2112 ἱκετεύοντα,
686 2096 689 2103 ,
706 2034 806 2119 πίττῃ
832 2032 888 2097 καὶ
918 2029 1017 2117 ἐλαίῳ
1044 2055 1144 2096 κατα·
1258 2100 1260 2104 ,

32 2154 35 2161 ’
111 2133 298 2220 σβεννύναι·
316 2135 372 2199 καὶ
381 2129 418 2220 ήν
427 2159 502 2200 τινα
514 2140 573 2200 τοῦ
585 2139 745 2217 χειμῶνος
760 2127 940 2216 όποταμὸς
952 2136 1141 2220 παραφέρῃ,
1222 2208 1230 2225 x

10 2310 11 2313 ,
114 2233 134 2305 5
152 2237 191 2304 δὲ
208 2233 269 2316 τὰς
284 2247 396 2321 χεῖρας
414 2232 536 2322 ὀρέγων
553 2232 792 2321 ἀντιλαβέσθαι
810 2235 937 2322 δέηται,
967 2231 1072 2302 ὠθεῖν
1088 2237 1145 2301 καί

110 2345 230 2410 τοῦτον
247 2337 306 2406 ἐπὶ
322 2335 466 2426 κεφαλήν
478 2339 693 2422 βαπτίζοντα,
713 2334 759 2417 ῶς
770 2338 853 2425 μηδέ
866 2333 1034 2423 ἀνακῦψαι
1049 2338 1145 2425 δυνη-

110 2447 208 2530 θείη·
227 2435 314 2508 οότω
330 2439 394 2528 γάρ
414 2435 454 2506 ἀν
471 2437 528 2525 τήν
545 2442 619 2528 ἰ’σην
637 2437 849 2524 ἀπολάβοιεν.
876 2440 1071 2527 εἰσηγήσατο
1086 2440 1144 2509 τὸν

110 2545 214 2629 νόμον
235 2549 343 2627 Τίμων
357 2540 578 2628 Ἐχεκρατίδου
596 2539 791 2623 Κολλυτεὺς,
819 2541 1030 2628 ἐπεψήφισεν
1052 2541 1085 2608 ἐν
1101 2547 1142 2630 τῇ

112 2645 266 2735 ἐκκλησίᾳ
286 2651 395 2730 Τίμων
413 2641 431 2713 ό
451 2640 561 2723 αύτός.
597 2641 674 2725 είεν,
701 2649 805 2709 ταῦτα
822 2641 899 2730 ήμῖν
917 2642 1069 2724 δεδόχθω
1087 2644 1143 2708 καί

112 2746 275 2837 ἀνδρικῶς
292 2746 478 2832 ἐμμένωμεν
497 2742 619 2825 αὐτοῖς.
655 2744 740 2833 πλήν
763 2741 846 2811 ἀλλὰ
863 2747 942 2830 περὶ
958 2746 1084 2812 πολλοῦ
1103 2740 1143 2812 ἀν
1161 2766 1195 2815 45

113 2849 321 2939 ἐποιησάμην
339 2846 448 2919 ἀπασι
469 2840 616 2938 γνώριμά
638 2875 713 2929 πως
729 2855 834 2916 ταῦτα
854 2853 1025 2936 γενέσθαι,
1055 2847 1143 2915 διότι

112 2952 349 3040 ὖπερπλουτῶ·
382 2949 499 3042 ἀγχόνη
517 2951 579 3041 γὰρ
598 2949 638 3019 ἀν
653 2949 692 3020 τὸ
715 2959 852 3039 πρᾶγμα
873 2956 999 3037 γένοιτο
1018 2945 1142 3029 αὐτοῖς.

113 3063 222 3124 καίτοι
239 3060 273 3123 τί
289 3060 405 3137 ταύτας
428 3061 491 3143 φεῦ
508 3061 566 3122 τοῦ
583 3055 713 3138 τάχους.
739 3054 950 3137 πανταχόθεν
964 3058 1144 3122 συνθέοοοι

113 3163 311 3242 κεκονιμένοι
335 3158 391 3223 καὶ
417 3162 660 3238 πνευστιῶντες,
677 3153 735 3224 ούκ
761 3154 837 3225 olda
859 3152 940 3225 όθεν
963 3152 1143 3243 ὀσφραινό-

113 3286 207 3347 μενοι
231 3265 291 3327 τοῦ
315 3263 462 3349 χρυσίου.
497 3258 639 3348 πότερον
662 3248 719 3329 σύν
741 3257 799 3326 ἐπὶ
819 3257 876 3327 τὸν
897 3259 1005 3345 πάγον
1026 3264 1142 3325 τοῦτον

114 3359 240 3448 ἀναβὰς
253 3359 428 3430 ἀπελαύνω
444 3357 562 3441 αύτούς
575 3373 645 3440 τοῖς
657 3363 772 3440 λίθοις
784 3359 821 3443 ἐξ
830 3357 1031 3448 ὑπερδεξίων
1045 3355 1144 3445 ἀκρο-

113 3465 336 3553 βολιζόμενος,
363 3460 439 3552 ήτό
457 3489 494 3550 γε
515 3471 671 3535 τοσοῦτον
691 3464 976 3551 παρανομήοωμεν
998 3459 1143 3540 εἰσάπαξ

115 3563 229 3647 αύτοῖς
254 3563 481 3654 ὁμιλήσαντες,
515 3563 560 3646 ῶς
585 3569 686 3634 πλέον
713 3562 850 3651 ἀνιῷντο
876 3560 1141 3653 ύπερορώμενοις

115 3675 212 3736 τοῦτο
240 3664 334 3752 οἶμαι
353 3671 410 3735 καὶ
432 3664 574 3753 ἀμεινον.
619 3663 705 3736 ώστε
732 3666 908 3750 δεχώμεθα
933 3664 995 3754 ήδη
1023 3660 1142 3744 αύτούς

115 3767 327 3850 ἀποστάντες.
367 3767 439 3859 φέρ’
454 3770 531 3851 ἰ’δω,
558 3775 609 3849 τίς
627 3767 645 3837 5
663 3775 796 3858 πρῶτος
813 3765 922 3836 αύτῶν
939 3757 1037 3847 οὗτός
1054 3765 1141 3852 ἐστις

115 3873 328 3962 Γναθωνίδης
338 3870 355 3941 5
365 3873 473 3956 κόλαξ,
494 3869 635 3962 όπρῴην
645 3871 758 3958 έρανον
771 3869 942 3958 αἰτήσαντί
953 3895 1013 3956 μοι
1026 3866 1142 3957 ὀρέξας

116 3972 170 4051 τὸν
185 3975 318 4065 βρόχον,
337 3982 464 4058 πίθους
482 3971 580 4056 όλοος
591 3970 674 4063 ,παρ’
687 3971 761 4060 ἐμοὶ
781 3972 941 4055 πολλάκις
962 3971 1141 4063 ἐμημεκώς.
