<?xml version="1.0" encoding="UTF-8"?>
<!DOCTYPE html PUBLIC "-//W3C//DTD XHTML 1.0 Transitional//EN"
    "http://www.w3.org/TR/xhtml1/DTD/xhtml1-transitional.dtd">
<html xmlns="http://www.w3.org/1999/xhtml" xml:lang="en" lang="en">
 <head>
  <title>
</title>
<meta http-equiv="Content-Type" content="text/html;charset=utf-8" />
  <meta name='ocr-system' content='tesseract 3.04.00' />
  <meta name='ocr-capabilities' content='ocr_page ocr_carea ocr_par ocr_line ocrx_word'/>
</head>
<body>
  <div class='ocr_page' id='page_1' title='image "./lucianisamosate04dindgoog_0218.png"; bbox 0 0 2752 4632; ppageno 0'>
   <div class='ocr_carea' id='block_1_1' title="bbox 337 237 1142 310">
    <p class='ocr_par' dir='ltr' id='par_1_1' title="bbox 337 237 1142 310">
     <span class='ocr_line' id='line_1_1' title="bbox 337 237 1142 310; baseline -0.007 -1"><span class='ocrx_word' id='word_1_1' title='bbox 337 284 340 289; x_wconf 60' lang='lat'><em>&gt;</em></span> <span class='ocrx_word' id='word_1_2' title='bbox 385 254 465 310; x_wconf 85' lang='lat' dir='ltr'>XIV.</span> <span class='ocrx_word' id='word_1_3' title='bbox 491 240 601 307; x_wconf 75' lang='grc' dir='ltr'>ΒΪΩΝ</span> <span class='ocrx_word' id='word_1_4' title='bbox 613 252 771 306; x_wconf 82' lang='grc' dir='ltr'><strong>ΗΡΑΣΙΣ</strong></span> <span class='ocrx_word' id='word_1_5' title='bbox 793 252 877 306; x_wconf 86' lang='lat'>1-3.</span> <span class='ocrx_word' id='word_1_6' title='bbox 1081 237 1142 303; x_wconf 79' lang='grc'><strong><em>191</em></strong></span> 
     </span>
    </p>
   </div>
   <div class='ocr_carea' id='block_1_2' title="bbox 105 344 1185 1271">
    <p class='ocr_par' dir='ltr' id='par_1_2' title="bbox 105 344 1185 1271">
     <span class='ocr_line' id='line_1_2' title="bbox 107 344 1146 450; baseline -0.006 -21"><span class='ocrx_word' id='word_1_7' title='bbox 107 356 149 450; x_wconf 79' lang='grc' dir='ltr'><strong><em>ἢν</em></strong></span> <span class='ocrx_word' id='word_1_8' title='bbox 168 354 341 448; x_wconf 81' lang='grc' dir='ltr'><strong><em>ἀποθάνῃ,</em></strong></span> <span class='ocrx_word' id='word_1_9' title='bbox 369 366 421 439; x_wconf 88' lang='grc' dir='ltr'><strong><em>τίς</em></strong></span> <span class='ocrx_word' id='word_1_10' title='bbox 442 353 526 426; x_wconf 81' lang='grc' dir='ltr'><strong><em>ούτω</em></strong></span> <span class='ocrx_word' id='word_1_11' title='bbox 547 358 628 447; x_wconf 86' lang='grc' dir='ltr'><strong><em>’περὶ</em></strong></span> <span class='ocrx_word' id='word_1_12' title='bbox 648 356 776 424; x_wconf 85' lang='grc' dir='ltr'><strong><em>πολλσύ</em></strong></span> <span class='ocrx_word' id='word_1_13' title='bbox 794 369 943 425; x_wconf 83' lang='grc' dir='ltr'><strong><em>ποιεῖται</em></strong></span> <span class='ocrx_word' id='word_1_14' title='bbox 963 344 1022 446; x_wconf 79' lang='grc' dir='ltr'><strong><em>τήν</em></strong></span> <span class='ocrx_word' id='word_1_15' title='bbox 1042 356 1146 446; x_wconf 88' lang='grc' dir='ltr'><strong><em>κόμην</em></strong></span> 
     </span>
     <span class='ocr_line' id='line_1_3' title="bbox 109 456 1144 551; baseline -0.002 -20"><span class='ocrx_word' id='word_1_16' title='bbox 109 459 205 542; x_wconf 81' lang='grc' dir='ltr'><strong><em>ὅστις</em></strong></span> <span class='ocrx_word' id='word_1_17' title='bbox 231 457 290 530; x_wconf 85' lang='grc' dir='ltr'><strong><em>ούκ</em></strong></span> <span class='ocrx_word' id='word_1_18' title='bbox 316 457 501 550; x_wconf 76' lang='grc' dir='ltr'><em>ἀπεξύρησε</em></span> <span class='ocrx_word' id='word_1_19' title='bbox 525 462 582 528; x_wconf 85' lang='grc' dir='ltr'><strong><em>καλ</em></strong></span> <span class='ocrx_word' id='word_1_20' title='bbox 606 456 736 548; x_wconf 80' lang='grc' dir='ltr'><strong><em>δψηλὸν</em></strong></span> <span class='ocrx_word' id='word_1_21' title='bbox 763 457 820 528; x_wconf 84' lang='grc' dir='ltr'><strong><em>έπλ</em></strong></span> <span class='ocrx_word' id='word_1_22' title='bbox 845 466 905 549; x_wconf 82' lang='grc' dir='ltr'><strong><em>τῆς</em></strong></span> <span class='ocrx_word' id='word_1_23' title='bbox 931 462 1076 551; x_wconf 77' lang='grc' dir='ltr'><strong><em>κεφαλῆς</em></strong></span> <span class='ocrx_word' id='word_1_24' title='bbox 1104 457 1144 529; x_wconf 89' lang='grc' dir='ltr'><strong><em>τδ</em></strong></span> 
     </span>
     <span class='ocr_line' id='line_1_4' title="bbox 107 559 1185 653; baseline -0.002 -20"><span class='ocrx_word' id='word_1_25' title='bbox 107 570 239 643; x_wconf 89' lang='grc' dir='ltr'><strong><em>πένθος</em></strong></span> <span class='ocrx_word' id='word_1_26' title='bbox 253 561 458 645; x_wconf 72' lang='grc' dir='ltr'><strong><em>ἐπεδείξατο,</em></strong></span> <span class='ocrx_word' id='word_1_27' title='bbox 478 559 537 630; x_wconf 87' lang='grc' dir='ltr'><strong><em>κάν</em></strong></span> <span class='ocrx_word' id='word_1_28' title='bbox 549 559 606 631; x_wconf 84' lang='grc' dir='ltr'><strong><em>τὸν</em></strong></span> <span class='ocrx_word' id='word_1_29' title='bbox 618 568 724 630; x_wconf 85' lang='grc' dir='ltr'><strong><em>Νίσου</em></strong></span> <span class='ocrx_word' id='word_1_30' title='bbox 739 562 795 652; x_wconf 76' lang='grc' dir='ltr'><strong><em>ίχῃ</em></strong></span> <span class='ocrx_word' id='word_1_31' title='bbox 808 563 979 647; x_wconf 88' lang='grc' dir='ltr'><strong><em>πλόκαμον</em></strong></span> <span class='ocrx_word' id='word_1_32' title='bbox 992 561 1051 631; x_wconf 75' lang='grc' dir='ltr'><strong><em>τὸν1</em></strong></span> <span class='ocrx_word' id='word_1_33' title='bbox 1061 585 1147 653; x_wconf 82' lang='grc' dir='ltr'><strong><em>παρ·</em></strong></span> <span class='ocrx_word' id='word_1_34' title='bbox 1182 574 1185 581; x_wconf 67' lang='grc'><em>“</em></span> 
     </span>
     <span class='ocr_line' id='line_1_5' title="bbox 108 656 1145 758; baseline -0.002 -24"><span class='ocrx_word' id='word_1_35' title='bbox 108 674 254 758; x_wconf 72' lang='grc' dir='ltr'><strong><em>φαροῦνς</em></strong></span> <span class='ocrx_word' id='word_1_36' title='bbox 281 665 352 735; x_wconf 76' lang='grc' dir='ltr'><strong><em>έστι</em></strong></span> <span class='ocrx_word' id='word_1_37' title='bbox 370 667 406 733; x_wconf 80' lang='grc' dir='ltr'><strong><em>δὲ</em></strong></span> <span class='ocrx_word' id='word_1_38' title='bbox 424 656 550 746; x_wconf 60' lang='grc' dir='ltr'><strong><em>δάίπις</em></strong></span> <span class='ocrx_word' id='word_1_39' title='bbox 568 664 604 747; x_wconf 72' lang='grc' dir='ltr'><strong><em>ἐξ</em></strong></span> <span class='ocrx_word' id='word_1_40' title='bbox 620 661 736 752; x_wconf 88' lang='grc' dir='ltr'><strong><em>ἀγέλης</em></strong></span> <span class='ocrx_word' id='word_1_41' title='bbox 753 664 836 746; x_wconf 83' lang='grc' dir='ltr'><strong><em>θεὸς</em></strong></span> <span class='ocrx_word' id='word_1_42' title='bbox 854 663 911 733; x_wconf 67' lang='grc' dir='ltr'><strong><em>ἐπὶ</em></strong></span> <span class='ocrx_word' id='word_1_43' title='bbox 927 671 976 753; x_wconf 72' lang='grc' dir='ltr'><strong><em>τῷ</em></strong></span> <span class='ocrx_word' id='word_1_44' title='bbox 993 670 1145 754; x_wconf 76' lang='grc' dir='ltr'><strong><em>προτέρῳ</em></strong></span> 
     </span>
     <span class='ocr_line' id='line_1_6' title="bbox 105 765 1146 860; baseline 0 -24"><span class='ocrx_word' id='word_1_45' title='bbox 105 769 408 860; x_wconf 77' lang='grc' dir='ltr'><strong><em>χειροτονούμενος,</em></strong></span> <span class='ocrx_word' id='word_1_46' title='bbox 442 765 488 849; x_wconf 77' lang='grc' dir='ltr'><strong><em>ὥς</em></strong></span> <span class='ocrx_word' id='word_1_47' title='bbox 513 765 599 836; x_wconf 80' lang='grc' dir='ltr'><strong><em>πολὺ</em></strong></span> <span class='ocrx_word' id='word_1_48' title='bbox 625 769 767 835; x_wconf 77' lang='grc' dir='ltr'><strong><em>καλλίων</em></strong></span> <span class='ocrx_word' id='word_1_49' title='bbox 787 771 844 835; x_wconf 81' lang='grc' dir='ltr'><strong><em>καί</em></strong></span> <span class='ocrx_word' id='word_1_50' title='bbox 864 768 1059 858; x_wconf 78' lang='grc' dir='ltr'><strong><em>σεμνότερος</em></strong></span> <span class='ocrx_word' id='word_1_51' title='bbox 1080 774 1146 836; x_wconf 83' lang='grc' dir='ltr'><strong><em>τῶν</em></strong></span> 
     </span>
     <span class='ocr_line' id='line_1_7' title="bbox 110 865 1146 958; baseline -0.002 -18"><span class='ocrx_word' id='word_1_52' title='bbox 110 873 255 941; x_wconf 75' lang='grc' dir='ltr'><strong><em>ἰδιωτῶν</em></strong></span> <span class='ocrx_word' id='word_1_53' title='bbox 266 878 366 958; x_wconf 78' lang='grc' dir='ltr'><strong><em>βοῶν.</em></strong></span> <span class='ocrx_word' id='word_1_54' title='bbox 393 876 498 939; x_wconf 79' lang='grc' dir='ltr'><strong><em>ταῦτα</em></strong></span> <span class='ocrx_word' id='word_1_55' title='bbox 510 865 598 938; x_wconf 83' lang='grc' dir='ltr'><strong><em>ούτω</em></strong></span> <span class='ocrx_word' id='word_1_56' title='bbox 611 869 784 957; x_wconf 88' lang='grc' dir='ltr'><strong><em>γιγνόμενα</em></strong></span> <span class='ocrx_word' id='word_1_57' title='bbox 796 873 852 938; x_wconf 83' lang='grc' dir='ltr'><strong><em>καί</em></strong></span> <span class='ocrx_word' id='word_1_58' title='bbox 862 866 929 940; x_wconf 78' lang='grc' dir='ltr'><strong><em>ἀπὸ</em></strong></span> <span class='ocrx_word' id='word_1_59' title='bbox 939 876 1005 939; x_wconf 78' lang='grc' dir='ltr'><strong><em>τῶν</em></strong></span> <span class='ocrx_word' id='word_1_60' title='bbox 1013 873 1146 939; x_wconf 79' lang='grc' dir='ltr'><strong><em>πολλῶν</em></strong></span> 
     </span>
     <span class='ocr_line' id='line_1_8' title="bbox 108 970 1146 1069; baseline -0.004 -24"><span class='ocrx_word' id='word_1_61' title='bbox 108 975 333 1063; x_wconf 77' lang='grc' dir='ltr'><strong><em>πιστευόμενα</em></strong></span> <span class='ocrx_word' id='word_1_62' title='bbox 344 975 548 1060; x_wconf 81' lang='grc' dir='ltr'><strong><em>δεῖσθαίμοι</em></strong></span> <span class='ocrx_word' id='word_1_63' title='bbox 558 976 713 1044; x_wconf 82' lang='grc' dir='ltr'><strong><em>δοκεῖτοῦ</em></strong></span> <span class='ocrx_word' id='word_1_64' title='bbox 721 976 782 1063; x_wconf 76' lang='grc' dir='ltr'><strong><em>μέν</em></strong></span> <span class='ocrx_word' id='word_1_65' title='bbox 791 970 1146 1069; x_wconf 81' lang='grc' dir='ltr'><strong><em>έπιτιμήσοντοςούδε-</em></strong></span> 
     </span>
     <span class='ocr_line' id='line_1_9' title="bbox 107 1074 1148 1168; baseline -0.001 -22"><span class='ocrx_word' id='word_1_66' title='bbox 107 1074 179 1159; x_wconf 82' lang='grc' dir='ltr'><strong><em>νὸς,</em></strong></span> <span class='ocrx_word' id='word_1_67' title='bbox 200 1074 407 1165; x_wconf 77' lang='grc' dir='ltr'><strong><em>Ἡρακλείτου</em></strong></span> <span class='ocrx_word' id='word_1_68' title='bbox 424 1077 462 1145; x_wconf 89' lang='grc' dir='ltr'><strong><em>δέ</em></strong></span> <span class='ocrx_word' id='word_1_69' title='bbox 478 1100 567 1159; x_wconf 89' lang='grc' dir='ltr'><strong><em>τινος</em></strong></span> <span class='ocrx_word' id='word_1_70' title='bbox 583 1075 839 1168; x_wconf 82' lang='grc' dir='ltr'><strong><em>ήΔημοκρίτου,</em></strong></span> <span class='ocrx_word' id='word_1_71' title='bbox 854 1085 916 1145; x_wconf 86' lang='grc' dir='ltr'><strong><em>τού</em></strong></span> <span class='ocrx_word' id='word_1_72' title='bbox 934 1079 992 1164; x_wconf 76' lang='grc' dir='ltr'><strong><em>μὲν</em></strong></span> <span class='ocrx_word' id='word_1_73' title='bbox 1009 1081 1148 1166; x_wconf 80' lang='grc' dir='ltr'><strong><em>γελασο·</em></strong></span> 
     </span>
     <span class='ocr_line' id='line_1_10' title="bbox 107 1175 1168 1271; baseline -0.004 -23"><span class='ocrx_word' id='word_1_74' title='bbox 107 1184 210 1267; x_wconf 88' lang='grc' dir='ltr'><strong><em>μένου</em></strong></span> <span class='ocrx_word' id='word_1_75' title='bbox 227 1177 286 1269; x_wconf 82' lang='grc' dir='ltr'><strong><em>τήν</em></strong></span> <span class='ocrx_word' id='word_1_76' title='bbox 303 1175 436 1267; x_wconf 87' lang='grc' dir='ltr'><strong><em>ἀγνοιαν</em></strong></span> <span class='ocrx_word' id='word_1_77' title='bbox 451 1178 573 1264; x_wconf 78' lang='grc' dir='ltr'><strong><em>αὐτῶν,</em></strong></span> <span class='ocrx_word' id='word_1_78' title='bbox 591 1189 651 1250; x_wconf 86' lang='grc' dir='ltr'><strong><em>τού</em></strong></span> <span class='ocrx_word' id='word_1_79' title='bbox 666 1180 772 1271; x_wconf 77' lang='grc' dir='ltr'><strong><em>δὲτὴν</em></strong></span> <span class='ocrx_word' id='word_1_80' title='bbox 785 1177 1145 1270; x_wconf 84' lang='grc' dir='ltr'><strong><em>ἀνοιανόδυρουμένοο.</em></strong></span> <span class='ocrx_word' id='word_1_81' title='bbox 1162 1235 1168 1243; x_wconf 76' lang='grc'><strong><em>,</em></strong></span> 
     </span>
    </p>
   </div>
   <div class='ocr_carea' id='block_1_3' title="bbox 433 1426 862 1513">
    <p class='ocr_par' dir='ltr' id='par_1_3' title="bbox 433 1426 862 1513">
     <span class='ocr_line' id='line_1_11' title="bbox 433 1426 862 1513; baseline 0.021 -9"><span class='ocrx_word' id='word_1_82' title='bbox 433 1437 566 1506; x_wconf 79' lang='grc' dir='ltr'>ΒΙΩΝ</span> <span class='ocrx_word' id='word_1_83' title='bbox 597 1426 827 1513; x_wconf 82' lang='grc' dir='ltr'><strong>ΠΡΑΣΙΣ.</strong></span> <span class='ocrx_word' id='word_1_84' title='bbox 856 1440 862 1459; x_wconf 80' lang='grc'><em>“</em></span> 
     </span>
    </p>
   </div>
   <div class='ocr_carea' id='block_1_4' title="bbox 106 1587 1251 4145">
    <p class='ocr_par' dir='ltr' id='par_1_4' title="bbox 106 1587 1177 2501">
     <span class='ocr_line' id='line_1_12' title="bbox 162 1587 1177 1681; baseline -0.001 -22"><span class='ocrx_word' id='word_1_85' title='bbox 162 1603 267 1659; x_wconf 85' lang='grc' dir='ltr'><strong>ΖΕΥΣ.</strong></span> <span class='ocrx_word' id='word_1_86' title='bbox 302 1587 350 1657; x_wconf 81' lang='grc' dir='ltr'><strong><em>Σὺ</em></strong></span> <span class='ocrx_word' id='word_1_87' title='bbox 375 1590 436 1674; x_wconf 77' lang='grc' dir='ltr'><strong><em>μὲν</em></strong></span> <span class='ocrx_word' id='word_1_88' title='bbox 463 1592 612 1658; x_wconf 73' lang='grc' dir='ltr'><strong><em>διατίθει</em></strong></span> <span class='ocrx_word' id='word_1_89' title='bbox 636 1590 679 1659; x_wconf 87' lang='grc' dir='ltr'><strong><em>τὰ</em></strong></span> <span class='ocrx_word' id='word_1_90' title='bbox 700 1593 818 1679; x_wconf 91' lang='grc' dir='ltr'><strong><em>βάθρα</em></strong></span> <span class='ocrx_word' id='word_1_91' title='bbox 839 1594 894 1659; x_wconf 81' lang='grc' dir='ltr'><strong><em>καὶ</em></strong></span> <span class='ocrx_word' id='word_1_92' title='bbox 915 1590 1177 1681; x_wconf 83' lang='grc' dir='ltr'><strong><em>παρασκεύαζε1</em></strong></span> 
     </span>
     <span class='ocr_line' id='line_1_13' title="bbox 108 1688 1147 1783; baseline 0.003 -25"><span class='ocrx_word' id='word_1_93' title='bbox 108 1688 170 1759; x_wconf 84' lang='grc' dir='ltr'><strong><em>τόν</em></strong></span> <span class='ocrx_word' id='word_1_94' title='bbox 184 1690 290 1759; x_wconf 83' lang='grc' dir='ltr'><strong><em>τόπον</em></strong></span> <span class='ocrx_word' id='word_1_95' title='bbox 307 1705 379 1772; x_wconf 87' lang='grc' dir='ltr'><strong><em>τοῖς</em></strong></span> <span class='ocrx_word' id='word_1_96' title='bbox 395 1690 661 1783; x_wconf 85' lang='grc' dir='ltr'><strong><em>ἀφικνουμένοις,</em></strong></span> <span class='ocrx_word' id='word_1_97' title='bbox 689 1692 729 1761; x_wconf 82' lang='grc' dir='ltr'><strong><em>σὺ</em></strong></span> <span class='ocrx_word' id='word_1_98' title='bbox 748 1692 785 1761; x_wconf 79' lang='grc' dir='ltr'><strong><em>δὲ</em></strong></span> <span class='ocrx_word' id='word_1_99' title='bbox 801 1701 923 1783; x_wconf 80' lang='grc' dir='ltr'><strong><em>στῆσον</em></strong></span> <span class='ocrx_word' id='word_1_100' title='bbox 945 1694 1019 1783; x_wconf 72' lang='grc' dir='ltr'><strong><em>’ἑξῆς</em></strong></span> <span class='ocrx_word' id='word_1_101' title='bbox 1035 1720 1147 1781; x_wconf 88' lang='grc' dir='ltr'><strong><em>παρα-</em></strong></span> 
     </span>
     <span class='ocr_line' id='line_1_14' title="bbox 108 1791 1146 1885; baseline 0.004 -25"><span class='ocrx_word' id='word_1_102' title='bbox 108 1791 220 1882; x_wconf 83' lang='grc' dir='ltr'><strong><em>γαγὼν</em></strong></span> <span class='ocrx_word' id='word_1_103' title='bbox 236 1792 314 1875; x_wconf 89' lang='grc' dir='ltr'><strong><em>τοὺς</em></strong></span> <span class='ocrx_word' id='word_1_104' title='bbox 330 1800 439 1880; x_wconf 90' lang='grc' dir='ltr'><strong><em>βίους,</em></strong></span> <span class='ocrx_word' id='word_1_105' title='bbox 459 1792 543 1863; x_wconf 86' lang='grc' dir='ltr'><strong><em>ἀλλὰ</em></strong></span> <span class='ocrx_word' id='word_1_106' title='bbox 560 1796 729 1884; x_wconf 79' lang='grc' dir='ltr'><strong><em>κοσμήσας</em></strong></span> <span class='ocrx_word' id='word_1_107' title='bbox 745 1797 916 1885; x_wconf 84' lang='grc' dir='ltr'><strong><em>πρότερον,</em></strong></span> <span class='ocrx_word' id='word_1_108' title='bbox 937 1794 984 1877; x_wconf 84' lang='grc' dir='ltr'><strong><em>ιδς</em></strong></span> <span class='ocrx_word' id='word_1_109' title='bbox 1001 1794 1146 1884; x_wconf 82' lang='grc' dir='ltr'><strong><em>εύπρόσ-</em></strong></span> 
     </span>
     <span class='ocr_line' id='line_1_15' title="bbox 111 1889 1145 1984; baseline 0.002 -21"><span class='ocrx_word' id='word_1_110' title='bbox 111 1921 202 1964; x_wconf 80' lang='grc' dir='ltr'><strong><em>ωπον</em></strong></span> <span class='ocrx_word' id='word_1_111' title='bbox 221 1903 401 1984; x_wconf 78' lang='grc' dir='ltr'><strong><em>φανοῦνται</em></strong></span> <span class='ocrx_word' id='word_1_112' title='bbox 417 1901 473 1966; x_wconf 85' lang='grc' dir='ltr'><strong><em>καί</em></strong></span> <span class='ocrx_word' id='word_1_113' title='bbox 491 1893 544 1966; x_wconf 80' lang='grc' dir='ltr'><strong><em>δτι</em></strong></span> <span class='ocrx_word' id='word_1_114' title='bbox 561 1902 738 1978; x_wconf 86' lang='grc' dir='ltr'><strong><em>πλείστους</em></strong></span> <span class='ocrx_word' id='word_1_115' title='bbox 755 1897 951 1980; x_wconf 74' lang='grc' dir='ltr'><strong><em>ἐπάξονται·</em></strong></span> <span class='ocrx_word' id='word_1_116' title='bbox 978 1896 1018 1965; x_wconf 78' lang='grc' dir='ltr'><strong><em>σὺ</em></strong></span> <span class='ocrx_word' id='word_1_117' title='bbox 1038 1900 1088 1980; x_wconf 77' lang='grc' dir='ltr'><strong><em>δὲ,</em></strong></span> <span class='ocrx_word' id='word_1_118' title='bbox 1117 1889 1145 1964; x_wconf 80' lang='grc' dir='ltr'><em>ὦ</em></span> 
     </span>
     <span class='ocr_line' id='line_1_16' title="bbox 106 1995 1144 2091; baseline -0.002 -22"><span class='ocrx_word' id='word_1_119' title='bbox 106 1995 220 2089; x_wconf 72' lang='grc' dir='ltr'><strong><em>Ἑρμῆ,</em></strong></span> <span class='ocrx_word' id='word_1_120' title='bbox 239 2000 375 2088; x_wconf 88' lang='grc' dir='ltr'><strong><em>κήρυττε</em></strong></span> <span class='ocrx_word' id='word_1_121' title='bbox 391 2003 447 2066; x_wconf 87' lang='grc' dir='ltr'><strong><em>καὶ</em></strong></span> <span class='ocrx_word' id='word_1_122' title='bbox 464 2002 617 2088; x_wconf 85' lang='grc' dir='ltr'><strong><em>συγκάλει</em></strong></span> <span class='ocrx_word' id='word_1_123' title='bbox 636 1999 749 2091; x_wconf 80' lang='grc' dir='ltr'><strong><em>ἀγαθή</em></strong></span> <span class='ocrx_word' id='word_1_124' title='bbox 760 1998 840 2090; x_wconf 88' lang='grc' dir='ltr'><strong><em>τύχη</em></strong></span> <span class='ocrx_word' id='word_1_125' title='bbox 853 1998 931 2080; x_wconf 82' lang='grc' dir='ltr'><strong><em>τοὺς</em></strong></span> <span class='ocrx_word' id='word_1_126' title='bbox 944 1997 1070 2088; x_wconf 80' lang='grc' dir='ltr'><strong><em>ὠνητάς</em></strong></span> <span class='ocrx_word' id='word_1_127' title='bbox 1081 1995 1144 2087; x_wconf 84' lang='grc' dir='ltr'><strong><em>ήδη</em></strong></span> 
     </span>
     <span class='ocr_line' id='line_1_17' title="bbox 109 2100 1146 2194; baseline 0 -24"><span class='ocrx_word' id='word_1_128' title='bbox 109 2114 269 2187; x_wconf 85' lang='grc' dir='ltr'><strong><em>παρεῖναι</em></strong></span> <span class='ocrx_word' id='word_1_129' title='bbox 294 2100 380 2188; x_wconf 83' lang='grc' dir='ltr'><strong><em>πρὸς</em></strong></span> <span class='ocrx_word' id='word_1_130' title='bbox 400 2102 440 2171; x_wconf 84' lang='grc' dir='ltr'><strong><em>τό</em></strong></span> <span class='ocrx_word' id='word_1_131' title='bbox 462 2105 679 2194; x_wconf 89' lang='grc' dir='ltr'><strong><em>πωλητήριον.</em></strong></span> <span class='ocrx_word' id='word_1_132' title='bbox 717 2100 964 2194; x_wconf 77' lang='grc' dir='ltr'><strong><em>ἀποκηρύξομεν</em></strong></span> <span class='ocrx_word' id='word_1_133' title='bbox 990 2104 1027 2170; x_wconf 79' lang='grc' dir='ltr'><strong><em>δὲ</em></strong></span> <span class='ocrx_word' id='word_1_134' title='bbox 1050 2108 1146 2188; x_wconf 89' lang='grc' dir='ltr'><strong><em>βίους</em></strong></span> 
     </span>
     <span class='ocr_line' id='line_1_18' title="bbox 111 2203 1146 2295; baseline 0.002 -24"><span class='ocrx_word' id='word_1_135' title='bbox 111 2205 323 2294; x_wconf 78' lang='grc' dir='ltr'><strong><em>φιλοσόφους</em></strong></span> <span class='ocrx_word' id='word_1_136' title='bbox 336 2204 461 2286; x_wconf 85' lang='grc' dir='ltr'><strong><em>παντὸς</em></strong></span> <span class='ocrx_word' id='word_1_137' title='bbox 478 2207 588 2286; x_wconf 81' lang='grc' dir='ltr'><strong><em>ε’ίδσος</em></strong></span> <span class='ocrx_word' id='word_1_138' title='bbox 601 2210 657 2274; x_wconf 84' lang='grc' dir='ltr'><strong><em>καὶ</em></strong></span> <span class='ocrx_word' id='word_1_139' title='bbox 672 2211 900 2295; x_wconf 78' lang='grc' dir='ltr'><strong><em>προαιρέσεων</em></strong></span> <span class='ocrx_word' id='word_1_140' title='bbox 912 2207 1085 2274; x_wconf 59' lang='grc' dir='ltr'><strong><em>ποικίλωνε</em></strong></span> <span class='ocrx_word' id='word_1_141' title='bbox 1115 2203 1146 2273; x_wconf 84' lang='grc' dir='ltr'><strong><em>εί</em></strong></span> 
     </span>
     <span class='ocr_line' id='line_1_19' title="bbox 111 2303 1143 2399; baseline 0 -25"><span class='ocrx_word' id='word_1_142' title='bbox 111 2308 150 2375; x_wconf 79' lang='grc' dir='ltr'><strong><em>δέ</em></strong></span> <span class='ocrx_word' id='word_1_143' title='bbox 169 2333 221 2386; x_wconf 90' lang='grc' dir='ltr'><strong><em>τις</em></strong></span> <span class='ocrx_word' id='word_1_144' title='bbox 243 2303 301 2375; x_wconf 86' lang='grc' dir='ltr'><strong><em>οάκ</em></strong></span> <span class='ocrx_word' id='word_1_145' title='bbox 324 2307 392 2391; x_wconf 79' lang='grc' dir='ltr'><strong><em>έχοι</em></strong></span> <span class='ocrx_word' id='word_1_146' title='bbox 413 2305 453 2375; x_wconf 86' lang='grc' dir='ltr'><strong><em>τὸ</em></strong></span> <span class='ocrx_word' id='word_1_147' title='bbox 475 2316 663 2397; x_wconf 87' lang='grc' dir='ltr'><strong><em>παραυτίκα</em></strong></span> <span class='ocrx_word' id='word_1_148' title='bbox 683 2307 859 2399; x_wconf 88' lang='grc' dir='ltr'><strong><em>τάργύριον</em></strong></span> <span class='ocrx_word' id='word_1_149' title='bbox 883 2311 1143 2396; x_wconf 76' lang='grc' dir='ltr'><strong><em>καταβαλέσθαι,</em></strong></span> 
     </span>
     <span class='ocr_line' id='line_1_20' title="bbox 110 2407 812 2501; baseline 0.006 -25"><span class='ocrx_word' id='word_1_150' title='bbox 110 2407 146 2491; x_wconf 75' lang='grc' dir='ltr'><strong><em>ές</em></strong></span> <span class='ocrx_word' id='word_1_151' title='bbox 162 2415 267 2478; x_wconf 90' lang='grc' dir='ltr'><strong><em>νέωτα</em></strong></span> <span class='ocrx_word' id='word_1_152' title='bbox 286 2408 406 2477; x_wconf 75' lang='grc' dir='ltr'><strong><em>δκτίσει</em></strong></span> <span class='ocrx_word' id='word_1_153' title='bbox 422 2412 631 2500; x_wconf 89' lang='grc' dir='ltr'><strong><em>καταστήσας</em></strong></span> <span class='ocrx_word' id='word_1_154' title='bbox 649 2410 812 2501; x_wconf 75' lang='grc' dir='ltr'><strong><em>ἐγγυητήν.</em></strong></span> 
     </span>
    </p>

    <p class='ocr_par' dir='ltr' id='par_1_5' title="bbox 108 2508 1145 2697">
     <span class='ocr_line' id='line_1_21' title="bbox 162 2508 1145 2603; baseline 0.004 -28"><span class='ocrx_word' id='word_1_155' title='bbox 162 2519 250 2575; x_wconf 89' lang='grc' dir='ltr'><strong>ΕΡΜ.</strong></span> <span class='ocrx_word' id='word_1_156' title='bbox 283 2515 408 2581; x_wconf 86' lang='grc' dir='ltr'><strong><em>Πολλοί</em></strong></span> <span class='ocrx_word' id='word_1_157' title='bbox 425 2518 588 2582; x_wconf 89' lang='grc' dir='ltr'><strong><em>συνίασιν·</em></strong></span> <span class='ocrx_word' id='word_1_158' title='bbox 620 2508 706 2582; x_wconf 71' lang='grc' dir='ltr'><strong><em>ὥστε</em></strong></span> <span class='ocrx_word' id='word_1_159' title='bbox 722 2512 782 2603; x_wconf 86' lang='grc' dir='ltr'><strong><em>χρή</em></strong></span> <span class='ocrx_word' id='word_1_160' title='bbox 799 2512 845 2602; x_wconf 86' lang='grc' dir='ltr'><strong><em>μή</em></strong></span> <span class='ocrx_word' id='word_1_161' title='bbox 864 2514 1044 2600; x_wconf 78' lang='grc' dir='ltr'><strong><em>διατρίβειν</em></strong></span> <span class='ocrx_word' id='word_1_162' title='bbox 1060 2512 1145 2600; x_wconf 75' lang='grc' dir='ltr'><strong><em>μηδὲ</em></strong></span> 
     </span>
     <span class='ocr_line' id='line_1_22' title="bbox 108 2611 404 2697; baseline 0.003 -15"><span class='ocrx_word' id='word_1_163' title='bbox 108 2619 255 2697; x_wconf 84' lang='grc' dir='ltr'><strong><em>κατέχειν</em></strong></span> <span class='ocrx_word' id='word_1_164' title='bbox 274 2611 404 2694; x_wconf 83' lang='grc' dir='ltr'><strong><em>αύτούς.</em></strong></span> 
     </span>
    </p>

    <p class='ocr_par' dir='ltr' id='par_1_6' title="bbox 162 2707 552 2806">
     <span class='ocr_line' id='line_1_23' title="bbox 162 2707 552 2806; baseline -0.005 -18"><span class='ocrx_word' id='word_1_165' title='bbox 162 2732 266 2806; x_wconf 86' lang='grc' dir='ltr'><strong>ΖΕΥΣ.</strong></span> <span class='ocrx_word' id='word_1_166' title='bbox 300 2721 469 2804; x_wconf 82' lang='grc' dir='ltr'><strong><em>Πωλιόμεν</em></strong></span> <span class='ocrx_word' id='word_1_167' title='bbox 487 2707 552 2786; x_wconf 81' lang='grc' dir='ltr'><strong><em>σύν.</em></strong></span> 
     </span>
    </p>

    <p class='ocr_par' dir='ltr' id='par_1_7' title="bbox 161 2820 1178 2910">
     <span class='ocr_line' id='line_1_24' title="bbox 161 2820 1178 2910; baseline 0 -20"><span class='ocrx_word' id='word_1_168' title='bbox 161 2834 250 2891; x_wconf 87' lang='grc' dir='ltr'><strong>ΕΡΜ.</strong></span> <span class='ocrx_word' id='word_1_169' title='bbox 288 2826 366 2888; x_wconf 83' lang='grc' dir='ltr'><strong><em>Τίνα</em></strong></span> <span class='ocrx_word' id='word_1_170' title='bbox 384 2820 513 2901; x_wconf 70' lang='grc' dir='ltr'><strong><em>ἐθέλεις</em></strong></span> <span class='ocrx_word' id='word_1_171' title='bbox 529 2827 663 2910; x_wconf 82' lang='grc' dir='ltr'><strong><em>πρῶτον</em></strong></span> <span class='ocrx_word' id='word_1_172' title='bbox 680 2820 939 2909; x_wconf 71' lang='grc' dir='ltr'><strong><em>παραγάγωμενς</em></strong></span> <span class='ocrx_word' id='word_1_173' title='bbox 1162 2841 1178 2890; x_wconf 79' lang='grc' dir='ltr'><strong><em>τ</em></strong></span> 
     </span>
    </p>

    <p class='ocr_par' dir='ltr' id='par_1_8' title="bbox 109 2920 1145 3117">
     <span class='ocr_line' id='line_1_25' title="bbox 162 2920 1145 3014; baseline -0.002 -22"><span class='ocrx_word' id='word_1_174' title='bbox 162 2936 266 2992; x_wconf 86' lang='grc' dir='ltr'><strong>ΖΕΥΣ.</strong></span> <span class='ocrx_word' id='word_1_175' title='bbox 304 2926 440 2992; x_wconf 84' lang='grc' dir='ltr'><strong><em>Τουτονί</em></strong></span> <span class='ocrx_word' id='word_1_176' title='bbox 463 2922 522 2993; x_wconf 88' lang='grc' dir='ltr'><strong><em>τὸν</em></strong></span> <span class='ocrx_word' id='word_1_177' title='bbox 546 2926 701 3014; x_wconf 78' lang='grc' dir='ltr'><strong><em>κομήτην,</em></strong></span> <span class='ocrx_word' id='word_1_178' title='bbox 728 2923 787 2993; x_wconf 87' lang='grc' dir='ltr'><strong><em>τὸν</em></strong></span> <span class='ocrx_word' id='word_1_179' title='bbox 808 2920 961 3005; x_wconf 77' lang='grc' dir='ltr'><strong><em>Ἰωνικόν,</em></strong></span> <span class='ocrx_word' id='word_1_180' title='bbox 989 2920 1065 2991; x_wconf 83' lang='grc' dir='ltr'><strong><em>έπελ</em></strong></span> <span class='ocrx_word' id='word_1_181' title='bbox 1088 2925 1145 2990; x_wconf 83' lang='grc' dir='ltr'><strong><em>καὶ</em></strong></span> 
     </span>
     <span class='ocr_line' id='line_1_26' title="bbox 109 3023 581 3117; baseline 0.006 -24"><span class='ocrx_word' id='word_1_182' title='bbox 109 3025 230 3110; x_wconf 88' lang='grc' dir='ltr'><strong><em>σεμνός</em></strong></span> <span class='ocrx_word' id='word_1_183' title='bbox 246 3050 298 3105; x_wconf 91' lang='grc' dir='ltr'><strong><em>τις</em></strong></span> <span class='ocrx_word' id='word_1_184' title='bbox 316 3023 406 3095; x_wconf 80' lang='grc' dir='ltr'><strong><em>εἶναι-</em></strong></span> <span class='ocrx_word' id='word_1_185' title='bbox 416 3033 581 3117; x_wconf 87' lang='grc' dir='ltr'><strong><em>φαίνεται.</em></strong></span> 
     </span>
    </p>

    <p class='ocr_par' dir='ltr' id='par_1_9' title="bbox 110 3119 1251 3322">
     <span class='ocr_line' id='line_1_27' title="bbox 162 3119 1251 3219; baseline -0.003 -21"><span class='ocrx_word' id='word_1_186' title='bbox 162 3141 249 3198; x_wconf 78' lang='grc' dir='ltr'><strong><em>ΕΡΜ,</em></strong></span> <span class='ocrx_word' id='word_1_187' title='bbox 286 3121 386 3208; x_wconf 81' lang='grc' dir='ltr'><strong><em>Οὗτος</em></strong></span> <span class='ocrx_word' id='word_1_188' title='bbox 421 3127 698 3219; x_wconf 71' lang='grc' dir='ltr'><strong><em>δῌνθαγορικδς</em></strong></span> <span class='ocrx_word' id='word_1_189' title='bbox 731 3124 904 3219; x_wconf 74' lang='grc' dir='ltr'><strong><em>κατάβηθτ</em></strong></span> <span class='ocrx_word' id='word_1_190' title='bbox 934 3130 992 3197; x_wconf 82' lang='grc' dir='ltr'><strong><em>καὶ</em></strong></span> <span class='ocrx_word' id='word_1_191' title='bbox 1021 3128 1144 3219; x_wconf 85' lang='grc' dir='ltr'><strong><em>πάρεχε</em></strong></span> <span class='ocrx_word' id='word_1_192' title='bbox 1244 3119 1251 3127; x_wconf 65' lang='grc'><strong>’</strong></span> 
     </span>
     <span class='ocr_line' id='line_1_28' title="bbox 110 3224 829 3322; baseline 0.007 -26"><span class='ocrx_word' id='word_1_193' title='bbox 110 3225 235 3296; x_wconf 90' lang='grc' dir='ltr'><strong><em>σαυτὸν</em></strong></span> <span class='ocrx_word' id='word_1_194' title='bbox 252 3224 457 3322; x_wconf 87' lang='grc' dir='ltr'><strong><em>ἀναθεωρεῖν</em></strong></span> <span class='ocrx_word' id='word_1_195' title='bbox 473 3246 545 3313; x_wconf 90' lang='grc' dir='ltr'><strong><em>τοῖς</em></strong></span> <span class='ocrx_word' id='word_1_196' title='bbox 563 3234 829 3319; x_wconf 83' lang='grc' dir='ltr'><strong><em>συνειλεγμένοις.</em></strong></span> 
     </span>
    </p>

    <p class='ocr_par' dir='ltr' id='par_1_10' title="bbox 161 3334 590 3424">
     <span class='ocr_line' id='line_1_29' title="bbox 161 3334 590 3424; baseline -0.002 -21"><span class='ocrx_word' id='word_1_197' title='bbox 161 3346 267 3403; x_wconf 90' lang='grc' dir='ltr'><strong>ΖΕΥΣ.</strong></span> <span class='ocrx_word' id='word_1_198' title='bbox 283 3376 285 3385; x_wconf 53' lang='lat'>1</span> <span class='ocrx_word' id='word_1_199' title='bbox 301 3334 448 3423; x_wconf 81' lang='grc' dir='ltr'><strong><em>Κήρυττε</em></strong></span> <span class='ocrx_word' id='word_1_200' title='bbox 466 3336 517 3424; x_wconf 91' lang='grc' dir='ltr'><strong><em>δή.</em></strong></span> <span class='ocrx_word' id='word_1_201' title='bbox 587 3406 590 3411; x_wconf 20' lang='lat'><strong>⁴</strong></span> 
     </span>
    </p>

    <p class='ocr_par' dir='ltr' id='par_1_11' title="bbox 109 3434 1153 4145">
     <span class='ocr_line' id='line_1_30' title="bbox 161 3434 1146 3527; baseline -0.005 -21"><span class='ocrx_word' id='word_1_202' title='bbox 161 3450 248 3506; x_wconf 69' lang='lat' dir='ltr'><strong><em>Em</em></strong></span> <span class='ocrx_word' id='word_1_203' title='bbox 285 3435 347 3506; x_wconf 80' lang='grc' dir='ltr'><strong><em>Τὸν</em></strong></span> <span class='ocrx_word' id='word_1_204' title='bbox 369 3434 504 3527; x_wconf 88' lang='grc' dir='ltr'><strong><em>ἀριστον</em></strong></span> <span class='ocrx_word' id='word_1_205' title='bbox 524 3442 600 3524; x_wconf 92' lang='grc' dir='ltr'><strong><em>βίον</em></strong></span> <span class='ocrx_word' id='word_1_206' title='bbox 622 3439 741 3519; x_wconf 80' lang='grc' dir='ltr'><strong><em>πωλῶ,</em></strong></span> <span class='ocrx_word' id='word_1_207' title='bbox 771 3434 830 3505; x_wconf 85' lang='grc' dir='ltr'><strong><em>τὸν</em></strong></span> <span class='ocrx_word' id='word_1_208' title='bbox 851 3435 1062 3521; x_wconf 86' lang='grc' dir='ltr'><strong><em>σεμνότατον,</em></strong></span> <span class='ocrx_word' id='word_1_209' title='bbox 1094 3439 1146 3515; x_wconf 89' lang='grc' dir='ltr'><strong><em>τίς</em></strong></span> 
     </span>
     <span class='ocr_line' id='line_1_31' title="bbox 110 3533 1145 3628; baseline 0.003 -25"><span class='ocrx_word' id='word_1_210' title='bbox 110 3533 288 3626; x_wconf 76' lang='grc' dir='ltr'><strong><em>ὥνήσεταις</em></strong></span> <span class='ocrx_word' id='word_1_211' title='bbox 305 3545 356 3620; x_wconf 89' lang='grc' dir='ltr'><strong><em>τίς</em></strong></span> <span class='ocrx_word' id='word_1_212' title='bbox 373 3537 457 3628; x_wconf 77' lang='grc' dir='ltr'><strong><em>ὑπὲρ</em></strong></span> <span class='ocrx_word' id='word_1_213' title='bbox 477 3536 658 3628; x_wconf 88' lang='grc' dir='ltr'><strong><em>ἀνθρωπον</em></strong></span> <span class='ocrx_word' id='word_1_214' title='bbox 671 3535 755 3608; x_wconf 84' lang='grc' dir='ltr'><strong><em>εἶναι</em></strong></span> <span class='ocrx_word' id='word_1_215' title='bbox 771 3540 942 3625; x_wconf 79' lang='grc' dir='ltr'><strong><em>βούλεταις</em></strong></span> <span class='ocrx_word' id='word_1_216' title='bbox 958 3543 1009 3619; x_wconf 89' lang='grc' dir='ltr'><strong><em>τίς</em></strong></span> <span class='ocrx_word' id='word_1_217' title='bbox 1022 3536 1145 3609; x_wconf 80' lang='grc' dir='ltr'><strong><em>εἰδέναι</em></strong></span> 
     </span>
     <span class='ocr_line' id='line_1_32' title="bbox 109 3634 969 3731; baseline 0.005 -26"><span class='ocrx_word' id='word_1_218' title='bbox 109 3638 169 3729; x_wconf 82' lang='grc' dir='ltr'><strong><em>τήν</em></strong></span> <span class='ocrx_word' id='word_1_219' title='bbox 185 3645 245 3707; x_wconf 87' lang='grc' dir='ltr'><strong><em>τού</em></strong></span> <span class='ocrx_word' id='word_1_220' title='bbox 262 3640 387 3722; x_wconf 89' lang='grc' dir='ltr'><strong><em>παντὸς</em></strong></span> <span class='ocrx_word' id='word_1_221' title='bbox 405 3634 563 3731; x_wconf 85' lang='grc' dir='ltr'><strong><em>ἀρμσνίαν</em></strong></span> <span class='ocrx_word' id='word_1_222' title='bbox 580 3646 635 3710; x_wconf 82' lang='grc' dir='ltr'><strong><em>καί</em></strong></span> <span class='ocrx_word' id='word_1_223' title='bbox 654 3639 835 3729; x_wconf 84' lang='grc' dir='ltr'><strong><em>ἀναβιῶναι</em></strong></span> <span class='ocrx_word' id='word_1_224' title='bbox 852 3640 969 3722; x_wconf 73' lang='grc' dir='ltr'><strong><em>πάλινς</em></strong></span> 
     </span>
     <span class='ocr_line' id='line_1_33' title="bbox 112 3742 1144 3911; baseline 0 -99"><span class='ocrx_word' id='word_1_225' title='bbox 112 3757 326 3911; x_wconf 57' lang='grc' dir='ltr'><strong>ὦδΩΝΗΤΗΣ</strong></span> <span class='ocrx_word' id='word_1_226' title='bbox 364 3743 407 3814; x_wconf 82' lang='grc' dir='ltr'><strong><em>Τὸ</em></strong></span> <span class='ocrx_word' id='word_1_227' title='bbox 429 3746 488 3832; x_wconf 74' lang='grc' dir='ltr'><strong><em>μὲν</em></strong></span> <span class='ocrx_word' id='word_1_228' title='bbox 511 3742 599 3825; x_wconf 80' lang='grc' dir='ltr'><strong><em>εἶδος</em></strong></span> <span class='ocrx_word' id='word_1_229' title='bbox 622 3743 679 3814; x_wconf 86' lang='grc' dir='ltr'><strong><em>οάκ</em></strong></span> <span class='ocrx_word' id='word_1_230' title='bbox 701 3743 842 3835; x_wconf 88' lang='grc' dir='ltr'><strong><em>ἀγεννής.</em></strong></span> <span class='ocrx_word' id='word_1_231' title='bbox 886 3750 921 3812; x_wconf 89' lang='grc' dir='ltr'><strong><em>τί</em></strong></span> <span class='ocrx_word' id='word_1_232' title='bbox 942 3747 978 3813; x_wconf 77' lang='grc' dir='ltr'><strong><em>δέ</em></strong></span> <span class='ocrx_word' id='word_1_233' title='bbox 997 3745 1144 3831; x_wconf 90' lang='grc' dir='ltr'><strong><em>μάλιστα</em></strong></span> 
     </span>
     <span class='ocr_line' id='line_1_34' title="bbox 167 3868 753 3923; baseline 0 -12"><span class='ocrx_word' id='word_1_234' title='bbox 167 3868 216 3923; x_wconf 75' lang='grc' dir='ltr'><strong><em>ενς</em></strong></span> <span class='ocrx_word' id='word_1_235' title='bbox 582 3872 601 3917; x_wconf 48' lang='lat' dir='ltr'><em>p</em></span> <span class='ocrx_word' id='word_1_236' title='bbox 749 3894 753 3901; x_wconf 60' lang='grc'><strong><em>«</em></strong></span> 
     </span>
     <span class='ocr_line' id='line_1_35' title="bbox 163 3944 1153 4042; baseline 0.001 -24"><span class='ocrx_word' id='word_1_237' title='bbox 163 3960 250 4018; x_wconf 88' lang='grc' dir='ltr'><strong>ΕΡΜ.</strong></span> <span class='ocrx_word' id='word_1_238' title='bbox 280 3944 524 4042; x_wconf 67' lang='grc' dir='ltr'><strong><em>Ἀριθμητικήν,</em></strong></span> <span class='ocrx_word' id='word_1_239' title='bbox 553 3947 785 4040; x_wconf 85' lang='grc' dir='ltr'><strong><em>ἀστρονομίαν,</em></strong></span> <span class='ocrx_word' id='word_1_240' title='bbox 811 3955 994 4037; x_wconf 84' lang='grc' dir='ltr'><strong><em>τερατείαν,</em></strong></span> <span class='ocrx_word' id='word_1_241' title='bbox 1017 3973 1153 4037; x_wconf 63' lang='grc' dir='ltr'><strong><em>γεωμε-</em></strong></span> 
     </span>
     <span class='ocr_line' id='line_1_36' title="bbox 110 4050 1019 4145; baseline 0.009 -30"><span class='ocrx_word' id='word_1_242' title='bbox 110 4054 219 4138; x_wconf 86' lang='grc' dir='ltr'><strong><em>τρίαν,</em></strong></span> <span class='ocrx_word' id='word_1_243' title='bbox 237 4050 409 4143; x_wconf 79' lang='grc' dir='ltr'><strong><em>μουσικὴν,</em></strong></span> <span class='ocrx_word' id='word_1_244' title='bbox 429 4058 589 4144; x_wconf 87' lang='grc' dir='ltr'><strong><em>γοητείαν.</em></strong></span> <span class='ocrx_word' id='word_1_245' title='bbox 624 4054 741 4140; x_wconf 84' lang='grc' dir='ltr'><strong><em>μάντιν</em></strong></span> <span class='ocrx_word' id='word_1_246' title='bbox 759 4051 858 4145; x_wconf 83' lang='grc' dir='ltr'><strong><em>ἀκρον</em></strong></span> <span class='ocrx_word' id='word_1_247' title='bbox 873 4055 1019 4142; x_wconf 81' lang='grc' dir='ltr'><strong><em>βλέποις.</em></strong></span> 
     </span>
    </p>
   </div>
   <div class='ocr_carea' id='block_1_5' title="bbox 0 0 1380 4632">
    <p class='ocr_par' dir='ltr' id='par_1_12' title="bbox 0 0 1380 4632">
     <span class='ocr_line' id='line_1_37' title="bbox 0 0 1380 4632; baseline 0 0"><span class='ocrx_word' id='word_1_248' title='bbox 0 0 1380 4632; x_wconf 95' lang='lat' dir='ltr'><strong><em> </em></strong></span> 
     </span>
    </p>
   </div>
  </div>
 </body>
</html>
