2752 4632
477 253 545 309 XII.
565 253 711 309 ΧΑΡΩΝ
731 250 851 308 16418.
1104 241 1167 309 181'

122 359 283 428 ’σπουδαί
310 353 420 426 αότῶν
447 356 567 426 καὶτὸ
593 356 715 445 μεταξὺ
746 365 814 426 τῶν
843 348 986 427 ἐλπίδων
1013 358 1168 443 οἴχεσθαι

131 461 369 551 ἀναρπάστους
390 466 601 549 ’γιγνομένους
625 457 694 529 άπὸ
720 468 780 529 τοῦ
810 464 980 548 βελτίστου
1009 463 1167 531 θανάτου.

97 608 101 615 »
129 560 267 653 άγγελοι
289 564 403 631 δὲκαὶ
424 560 587 652 ὑπηρέται
609 560 713 631 αότοῦ
732 564 824 650 μάλα
846 566 979 645 πολλοὶ,
1009 560 1055 644 ῶς
1078 547 1166 654 δρᾷς,

128 665 274 757 ἠπίαλοι
291 667 347 735 καλ
365 669 502 755 πυρετοὶ
524 670 580 733 καὶ
601 667 715 757 φθόαι
737 670 792 735 καὶ
813 672 1087 755 περιπνευμονίαι
1112 670 1168 734 καὶ

132 773 214 859 ξίφη
230 774 286 837 καὶ
303 771 464 859 λῃστήρια
479 772 535 838 καὶ
552 769 672 837 κῶνεια
689 773 745 837 καὶ
763 772 916 838 δικασταί
932 771 988 836 καὶ
999 770 1167 858 τύραννοι·

127 875 189 941 καὶ
214 874 340 941 τούτων
366 869 461 940 οόδλν
488 868 573 953 όλως
599 869 732 969 αὐτοὺς
745 866 943 962 εἰσέρχεται,
981 868 1044 940 ἔστ’
1066 868 1105 939 άν
1132 862 1167 938 εδ

129 977 340 1066 πράττωσιν,
370 971 449 1044 όταν
467 975 504 1043 δέ
526 978 695 1064 σφαλῶσι,
720 974 866 1045 πολὺᾈτὸ
889 973 1003 1043 ὀτοτοῖ
1021 977 1078 1042 καὶ
1096 973 1170 1068 αίαῑ

129 1083 189 1146 καὶ
211 1079 313 1164 οίμοι.
349 1077 434 1146 τίδ’
449 1074 553 1158 εὐθὺς
575 1077 612 1160 έξ
632 1076 732 1167 άρχής
753 1077 899 1146 ίνενάσυν
921 1073 975 1146 ότι
996 1083 1117 1165 θνητοί
1131 1080 1169 1143 τέ

131 1181 218 1250 τίσιν
236 1179 333 1249 αὐτοὶ
353 1183 410 1247 καὶ
433 1176 542 1268 ὀλίγον
562 1188 679 1248 τοῦτον
700 1182 815 1269 χρόνον
838 1181 1099 1270 ἐπιδημήσαντες
1119 1178 1168 1269 τῶ

128 1290 198 1372 βίην
217 1282 356 1352 άπίασιν
374 1278 488 1370 ῶσπερ
513 1281 549 1364 ἐξ
570 1281 738 1370 ὀνείρατος
760 1286 870 1353 πάντα
889 1281 974 1371 ὑπὲρ
992 1290 1050 1374 γής
1067 1280 1168 1372 ἀφέν-

127 1413 200 1469 τες,
229 1387 310 1469 ἐ’ζων
327 1410 362 1453 τε
381 1382 421 1453 άν
439 1390 707 1476 σωφρονέστερον
728 1390 784 1455 καί
805 1378 902 1476 ήττον
923 1385 1062 1476 ἠνιῶντο
1081 1384 1168 1473 ἄπας

129 1491 308 1569 θανόντες·
348 1495 404 1556 νῦν
436 1489 473 1555 δέ
503 1489 609 1557 εἰσαεὶ
644 1487 837 1570 ἐλπίσαντες
869 1490 1058 1578 χρήσεσθαι
1095 1504 1168 1571 τοῖς

129 1599 311 1681 παροῦσιν,
340 1589 475 1659 ἐπειδάν
498 1589 638 1672 ἐπιστὰς
656 1588 674 1659 ό
692 1589 856 1683 όπηρέτης
877 1596 958 1682 καλῇ
979 1597 1035 1661 καὶ
1053 1590 1166 1683 άπάγῃ

130 1695 288 1785 πεδήσας·
301 1694 352 1784 ’τῷ
373 1700 506 1785 πυρετῷ
528 1690 607 1784 ήτῇ
625 1695 735 1784 φθόῃ,
764 1693 982 1782 ἀγανακτοῦσι
1003 1696 1168 1788 πρὸςιτήν

132 1796 263 1886 άγωγήν
274 1795 397 1866 οὔποτε
406 1798 690 1886 προσδοκήσαντες
700 1795 1038 1887 ἀποσπασθήσεσθαι
1048 1796 1166 1869 αότῶν.

129 1898 207 1991 ἢτί
226 1901 288 1990 γάρ
311 1896 370 1970 οὖκ
392 1897 433 1968 ἂν
453 1901 623 1988 ποιήσειεν
646 1898 766 1980 ἐκεῖνος
788 1896 806 1967 ό
829 1898 887 1989 τήν
909 1901 1014 1968 οἰκίαν
1036 1903 1167 1989 σπουδῇ

71 2022 75 2028 ’
133 2004 410 2089 οἰκοδομούμενος
426 2005 482 2071 καλ
499 2000 577 2082 τοὺς
595 2002 733 2091 ἐργάτας
755 2002 977 2091 έπισπέρχων,
1006 2003 1036 2071 εἰ
1057 2004 1167 2088 μάθοι

133 2103 189 2176 ότι
205 2103 226 2195 ή
242 2109 302 2192 μέν
321 2106 387 2189 ἕξει
403 2108 497 2187 τέλος
514 2103 618 2194 αὐτῷ,
639 2102 661 2173 ό
677 2107 713 2173 δὲ
731 2102 806 2193 άρτι
824 2105 959 2186 έπιθελς
971 2103 1028 2173 τὸν
1042 2101 1167 2194 όροφον

132 2202 252 2277 ἄπεισι
269 2216 316 2298 τῷ
329 2209 519 2297 κληρονόμῳ
533 2207 724 2276 καταλιπων
739 2206 920 2277 άπολαόειν
933 2205 1034 2298 αὐτῆς
1037 2214 1046 2292 ,
1068 2204 1168 2290 αὐτὸς

132 2313 217 2401 μηδὲ
243 2312 423 2400 δειπνήσας
449 2308 467 2378 ό
492 2307 613 2392 άθλιος
638 2309 672 2380 έν
695 2307 792 2401 αότής
832 2310 952 2392 ἐκεῖνος
976 2312 1036 2397 μέν
1062 2306 1165 2400 γάρό

130 2421 256 2500 χαίρων
274 2410 328 2482 ότι
346 2410 466 2503 άρρενα
482 2414 592 2481 παῖδα
607 2418 736 2482 τέτοκεν
754 2410 843 2502 αὕτη]
860 2411 881 2502 ή
898 2413 990 2502 γυνή,
1017 2412 1168 2494 καὶτοὺς

134 2521 254 2608 φίλους
267 2515 324 2586 διὰ
335 2520 434 2585 τοῦτο
449 2514 566 2584 έστιῶν
582 2518 638 2583 καὶ
654 2513 799 2600 τοόνσμα
811 2523 869 2585 τοῦ
886 2515 1014 2604 πατρὸς
1030 2510 1168 2602 τιθέμέ-

133 2644 203 2704 νος,
219 2620 249 2688 εἰ
262 2619 427 2710 ήπίστατσ
441 2616 487 2699 ῶς
501 2617 639 2707 ἑπτέτης
651 2618 822 2707 γενόμενος
835 2615 853 2685 ό
868 2631 951 2697 παῖς
963 2618 1166 2706 τεθνήξεται,

9 2808 14 2819 ,
131 2715 201 2811 άρα
223 2721 263 2793 όν
285 2749 340 2792 σοι
362 2724 454 2792 δοκεῖ
471 2728 596 2812 χαίρειν
620 2719 670 2790 ἐπ’
687 2718 776 2811 αότῶ
797 2727 1001 2811 γεννωμένης
1029 2719 1111 2788 ἀλλὰ
1128 2718 1167 2788 τδ

134 2829 255 2911 αἴτιον,
275 2823 329 2896 ότι
345 2825 402 2896 τόν
419 2827 478 2913 μέν
496 2823 691 2909 εὗτυχσῦντα
708 2824 766 2893 ἐπὶ
782 2831 830 2913 τῷ
847 2826 948 2893 παιδὶ
962 2823 1086 2892 ’έκεῖνον
1104 2821 1167 2913 δρᾷ

131 2929 191 3000 τὸν
208 2936 268 2999 τοῦ
286 2928 437 3017 άθλητσῦ
459 2935 588 3021 πατέρα
609 2935 670 2996 τοῦ
688 2924 846 3013 Ὀλύμπια
867 2928 1082 3015 νενικηκότος,
1109 2926 1167 2996 τὸν

133 3040 264 3113 γείτονα
284 3033 320 3101 δὲ
336 3031 394 3101 τόν
411 3031 620 3119 ἐκκομίζοντα
636 3029 675 3099 τό
690 3033 826 3099 παιδίον
841 3028 899 3116 οὐχ
913 3028 975 3121 δρᾷ
989 3028 1066 3099 οὐδὲ
1080 3028 1167 3098 οἶδεν

134 3133 193 3225 ἀφ’
210 3135 283 3216 οἵας
301 3130 391 3224 αὕτη]
408 3136 525 3223 κρόκης
543 3134 710 3224 έκρέματσ.
746 3132 824 3214 τοὺς
846 3135 905 3219 μέν
926 3133 988 3223 γὰρ
1006 3137 1085 3221 περὶ
1101 3139 1167 3202 τῶν

135 3234 222 3327 όρων
240 3240 498 3333 διαφερομένους
520 3234 614 3327 δρᾷς,
642 3233 718 3304 όσοι
740 3235 903 3320 εἰσλ,·καλ
924 3235 1002 3316 τοὺς
1020 3240 1169 3323 συναγεί-

134 3366 252 3430 ροντας
267 3339 312 3409 τά
326 3341 486 3430 χρήματα,
507 3336 587 3421 εἶτα,
607 3342 686 3427 πρὶν
705 3333 895 3407 άπολαῦσαι
914 3336 1031 3421 αὐτῶν,
1049 3340 1168 3405 καλου-

132 3449 252 3533 μένους
268 3439 325 3533 ὗφ’
341 3432 387 3510 ῶν
404 3440 500 3511 εἶπον
516 3449 583 3510 τῶν
601 3438 743 3529 ἀγγέλων
760 3466 796 3508 τε
813 3444 869 3507 καί
885 3446 951 3508 τῶν
967 3438 1150 3528 δπηρετῶν.

185 3562 272 3619 XAP.
302 3543 384 3633 Ὁρῶ
402 3544 637 3613 ταῦτα’πάντα
651 3541 816 3631 καὶπρὸς
839 3542 979 3627 ἐμαυτόν
1003 3568 1041 3630 γε
1068 3540 1166 3610 ἐννοῶ
1185 3559 1218 3611 18

134 3645 201 3719 ότι
213 3646 253 3719 τὸ
264 3645 328 3741 ήδὺ
342 3645 456 3729 αὐτοῖς
469 3646 563 3738 παρὰ
574 3645 632 3715 τὸν
643 3653 717 3736 βίον
730 3643 794 3736 ήτί
807 3645 908 3713 έκεῖνό
924 3643 1019 3728 ἔστιν,
1041 3635 1079 3712 οὗ
1095 3667 1168 3711 στε-

134 3753 270 3843 ρόμενοι
295 3750 541 3841 ἀγανακτοῦσιν.
582 3747 621 3840 ἢν
647 3756 724 3839 γοῦν
749 3746 827 3829 τοὺς
852 3750 1009 3835 βασιλέας
1035 3747 1089 3836 ἰ’δη
1115 3770 1168 3828 τις

135 3852 256 3939 αότῶν,
286 3856 383 3948 οἵπερ
406 3851 696 3942 εὐδαιμονέστατοι
718 3848 803 3921 εἶναι
825 3853 991 3935 δοκοῦσιν,
1019 3849 1081 3933 ’ἔξω
1102 3855 1168 3919 ’τοῦ

136 3957 295 4046 άβεβαίου
316 3962 372 4027 καὶ
395 3956 441 4039 ῶς
462 3956 528 4050 φής
550 3954 740 4048 ἀμφιβόλου
761 3961 821 4046 τής
840 3955 951 4044 τάχης,
978 3957 1083 4023 πλείω
1100 3960 1167 4037 τῶν

134 4060 241 4152 ήδίων
260 4060 303 4132 τά
326 4058 445 4154 άνιαρᾶ
466 4059 598 4151 εόρήσει
618 4060 798 4152 προσόντα
809 4056 935 4146 αότοῖς,
962 4050 1091 4151 Ιφόβους
1111 4057 1166 4125 καλ
