2722 4646
194 320 197 325 .
221 269 263 336 10
606 280 863 337 Λουαιοαοτ
1186 359 1188 363 Δ

120 457 123 463 ,
221 381 335 474 ὥσπερ
354 383 488 466 ἐκείνοις
505 385 547 453 τὰ
562 388 727 472 χυτρίδια,
754 388 810 454 καὶ
826 384 942 476 μικρόν
959 411 1011 465 τις
1033 388 1131 454 λίθον
1150 384 1263 471 ἐμβα·
1307 438 1310 443 .

186 510 202 559 ε
221 491 285 557 λιὺν
299 494 505 578 συντρίψειεν
520 485 559 556 ἀν
572 484 714 559 ἅπαντα.
740 496 873 572 καίτοι,
883 494 966 579 φαίη
980 514 1030 569 τις
1045 485 1084 555 ἀν
1097 508 1264 576 παραμυ-

219 593 397 678 θούμενος,
418 588 456 659 οά
470 598 574 659 ταῦτα
589 593 699 660 εἴκασέ
713 617 749 660 σε
762 599 810 681 τῷ
819 599 1009 681 Προμηθεῖ,
1030 587 1113 687 ἀλλὰ
1127 588 1165 659 τό
1180 585 1276 660 nac-¹

197 693 353 781 .νουργὸν
375 700 472 761 τοῦτο
495 693 638 762 ἐπαινῶν
660 697 715 762 καὶ
736 693 781 782 μή
803 696 890 782 πρός
911 721 945 762 τι
967 691 1046 762 ἀλλο
1070 691 1260 783 ἀρχέτυπον

218 802 454 888 μεμιμημένον,
481 792 597 887 ιόσπερ
616 795 737 877 ἐκεῖνος
755 792 812 864 οάκ
831 793 932 865 όντων
951 794 1142 887 ἀνθρώπων
1158 802 1258 880 τέως,

220 892 374 986 ἐννοήσας
392 897 512 978 αὐτοὺς
534 897 712 983 ἀνέπλασε,
739 906 879 999 τοιαόηα
901 900 969 988 ζῷα
990 901 1175 989 μορφώσας
1196 903 1260 969 καὶ

220 1003 458 1091 διακοσμήσας,
479 998 524 1081 ιός
538 998 688 1091 εὐκίνητά
701 1027 738 1070 τε
751 999 836 1071 εἶναι
849 1005 905 1071 καὶ
918 1000 1069 1092 ἀφθήναι
1081 1008 1258 1092 χαρίεντα·

218 1103 330 1174 καὶτὸ
347 1106 406 1190 μὲν
425 1100 501 1172 όλον
520 1102 714 1195 ἀρχιτέκτων
732 1102 831 1187 αὐτὸς
848 1096 900 1194 ήν,
920 1105 1146 1193 συνειργάζετο
1165 1106 1204 1172 δέ
1221 1131 1259 1174 τι

218 1210 275 1276 καί
290 1204 311 1295 ή
326 1204 448 1295 Ἀθηνᾶ
467 1205 654 1293 ἐμπνέουσα
669 1206 727 1277 τὸν
744 1207 850 1297 πηλὸν
871 1211 928 1276 καλ
951 1208 1083 1295 ἔμψυχα
1103 1213 1259 1276 ποιοῦσοι

218 1307 367 1378 εἶναιτὰ
388 1310 580 1395 πλάσματα.
625 1308 643 1378 ό
665 1313 725 1396 μέν
745 1316 850 1379 ταῦτα
872 1309 912 1379 ἀν
933 1311 1026 1379 ε’ίποι
1047 1308 1134 1395 πρός
1154 1334 1191 1396 γε
1214 1307 1256 1377 τὸ

219 1409 448 1502 εὐφημότατον
471 1413 684 1502 ἐξηγούμενος
705 1412 743 1482 τὸ
767 1415 943 1503 εἰρημένον.
978 1416 1035 1480 καί
1055 1413 1139 1491 ἰ’σιος
1157 1402 1275 1492 οὗτος

219 1511 331 1603 όῑνσῦς
347 1505 386 1603 ήν
403 1523 450 1604 τη]
468 1519 657 1605 λελεγμένῳ.
694 1516 769 1601 ἐμοὶ
787 1518 823 1584 δέ
838 1514 875 1583 οὗ
889 1516 977 1584 πάνυ
993 1514 1115 1597 ἱκανὸν,
1136 1515 1167 1582 εἰ
1179 1541 1257 1583 και·
1295 1578 1301 1607 ,

218 1629 367 1685 νοποιεῖν
382 1618 521 1708 δοκοίην,
540 1620 624 1707 μηδὲ
642 1619 711 1703 έχοι
728 1632 779 1698 τις
797 1617 1128 1709 λέγειν’ἀρχαιότερόυ
1144 1644 1179 1693 τι
1192 1623 1255 1684 τοῦ

217 1720 427 1805 πλάσματος,
459 1712 498 1788 οὗ
524 1729 622 1790 τοῦτο
650 1719 815 1810 ἀπόγονόν
842 1722 944 1803 ἐστιν,
977 1717 1046 1791 ἀλλ’
1071 1721 1101 1788 εί
1125 1718 1170 1807 μή
1197 1722 1256 1786 καὶ

215 1822 329 1913 χάριεν
348 1829 515 1912 φαίνοιτο,
540 1825 751 1912 αἰσχυνοίμην.
769 1821 822 1906 δν,
851 1815 887 1891 εὖ
905 1824 995 1905 ἰ’σθι,
1021 1819 1071 1890 ἐπ’
1089 1819 1255 1909 αὐτῷκαὶ
1344 1850 1345 1911 3

188 1924 191 1933 ’
219 1927 438 2014 συμποτήσας
460 1923 500 1993 ἀν
522 1924 738 2016 ἀφανίσαιμι·
775 1923 847 1994 οὐδ’
869 1923 909 1994 ἀν
931 1923 1132 2013 ὠφελήσειεν
1159 1921 1251 2005 αὐτὸ,

216 2026 311 2116 παρὰ
328 2035 407 2115 γοῦν
421 2029 508 2114 ἐμοὶ,
528 2027 548 2118 ή
562 2031 726 2119 καινότης,
736 2027 790 2117 ’μή
805 2027 878 2113 οάχλ
892 2034 1133 2116 συντετρίφθαι
1146 2024 1253 2113 ἀμορ-

217 2154 282 2219 φον
300 2126 346 2198 ἀν.
383 2135 438 2198 καὶ
456 2132 489 2198 εἲ
502 2157 539 2219 γε
555 2130 600 2220 μή
619 2125 705 2199 οάτω
725 2138 894 2220 φρονοίην,
923 2127 1016 2213 ἀξιος
1034 2128 1073 2197 ἀν
1092 2127 1176 2197 εἷναί
1192 2154 1253 2214 μοι
1338 2160 1342 2169 ·

218 2233 305 2299 δοκῶ
318 2230 387 2300 ἀπὸ
402 2233 570 2301 ἑκκαίδεκα
583 2242 697 2321 γυπῶν
709 2239 896 2323 κείρεσθαι,
916 2232 955 2300 οά
970 2235 1092 2311 συνιεὶς
1105 2229 1150 2314 ιός
1164 2231 1251 2299 πολὺ

182 2356 200 2405 4
218 2322 433 2425 ἀμορφότερα
449 2334 493 2403 τὰ
508 2334 593 2422 μετὰ
609 2343 669 2404 τοῦ
689 2340 779 2419 ξένου
797 2333 898 2405 ταότὸ
916 2335 1127 2404 πεπονθότα.
1163 2347 1252 2402 Πτο-

216 2439 354 2521 λεμαῖος
379 2444 456 2524 γοῦν
482 2434 500 2505 ό
527 2438 642 2526 Λάγου
663 2425 729 2505 ’δύο
755 2436 851 2506 καινὰ
876 2439 926 2519 εἰς
949 2438 1119 2525 Αἴγυπτον
1150 2433 1248 2524 ἀγων,

194 2540 361 2628 ’κάμηλόν
386 2565 423 2607 τε
439 2539 641 2630 Βακτριανήν
666 2543 897 2626 παμμέλαιναν
921 2543 978 2606 καὶ
1004 2541 1166 2627 δίχρωμον
1193 2536 1251 2606 ἀν-

215 2648 371 2732 θρωπον,
392 2639 438 2723 ὡς
454 2641 492 2710 τὸ
510 2644 568 2726 μέν
585 2640 745 2732 ἡμίτομον
763 2641 871 2724 αὐτοῦ,
883 2639 1026 2730 ἀκριβῶς
1038 2645 1139 2724 μέλαν
1154 2638 1247 2724 εἶναι,

215 2743 255 2813 τὸ
269 2743 300 2813 δ’
318 2744 427 2832 ἕτερον
444 2745 492 2824 είς
508 2742 693 2834 ὑπερβολήν
707 2745 828 2826 λευκὸν,
849 2741 899 2812 ἐπ’
915 2745 989 2830 ἴσης
1004 2744 1039 2811 δὲ
1052 2750 1249 2831 μεμερισμέ-

215 2870 284 2927 νον,
313 2845 347 2925 ἐς
363 2845 402 2915 τὸ
420 2853 565 2935 θέατρον
587 2847 777 2934 συναγαγών
798 2845 876 2927 τοὺς
892 2845 1098 2933 Αἰγυπτίους
1120 2845 1248 2913 έπεδεί.

215 2970 311 3014 κνυτο
334 2946 446 3028 αάτοῐς
467 2946 551 3017 ἀλλα
571 2975 607 3018 τε
629 2948 739 3018 πολλὰ
755 2951 913 3035 θεάματα
933 2947 1044 3016 καὶτὸ
1061 2951 1247 3017 τελευταῖον

215 3051 272 3115 καί
288 3057 406 3132 ταῦτα,
425 3050 483 3139 τήν
500 3053 645 3141 κάμηλον
658 3056 714 3119 καί
726 3051 784 3120 τὸν
795 3048 968 3141 ἡμίλευκον
982 3049 1173 3136 ἀνθρωπου,
1192 3055 1247 3118 καί

218 3147 301 3239 η’ίετο
316 3151 485 3241 ἐκπλήξειν
502 3161 550 3242 τῷ
567 3156 726 3240 θεάματι.
763 3154 851 3248 ολδέ
864 3152 950 3243 πρὸς
962 3155 1021 3239 μὲν
1033 3152 1091 3241 τήν
1102 3154 1244 3242 κάμηλον

217 3252 434 3343 ἐφοβήθησαν
451 3259 507 3324 καί
525 3254 636 3345 ὀλίγου
654 3260 720 3326 δεῖν
740 3256 861 3346 έφυγον
881 3254 1116 3347 ἀναθορόντες,
1138 3262 1246 3323 καίτοι

213 3364 324 3447 χρυσῷ
343 3359 652 3448 πᾶσαέκεκόσμητο
673 3363 738 3426 καί
752 3356 922 3448 ἁλουργίδι
944 3358 1132 3444 ἐπέστρωτο
1153 3356 1243 3426 καλό

213 3458 346 3542 χαλινὸς
367 3452 405 3549 ήν
427 3464 677 3551 λιθοκόλλητος,
705 3467 846 3549 Δαρείου
868 3459 958 3542 τινὸς
980 3459 1001 3550 ἢ
1023 3462 1202 3548 Καμβύσου
1223 3459 1244 3550 ή

214 3564 324 3651 Κόρου
348 3561 450 3632 αὐτοῦ
471 3566 653 3654 κειμήλιον·
684 3563 771 3653 πρὸς
793 3564 830 3631 δέ
850 3562 908 3633 τὸν
931 3560 1112 3651 ἄνθρωπον
1134 3563 1168 3631 οἱ
1187 3565 1244 3649 μέν

214 3668 336 3734 πολλοὶ
354 3666 484 3754 ἐγέλων,
513 3667 547 3736 οί
569 3669 606 3736 δέ
626 3692 712 3749 τινες
734 3663 781 3747 ὥς
802 3666 859 3735 ἐπὶ
875 3673 988 3755 τέρατι
1010 3666 1242 3751 ἐμυσάττοντο

216 3764 302 3836 ὥστε
325 3764 342 3837 ό
364 3773 570 3856 Πτολεμαῖος
592 3772 699 3851 συνείς
722 3765 775 3838 ότι
796 3766 854 3838 οάκ
875 3768 1042 3855 εάδοκιμεῖ
1062 3765 1114 3838 ἐπ’
1133 3765 1243 3848 αὐτοῖς

217 3866 293 3939 οάδέ
310 3872 520 3958 θαυμάζεται
540 3870 607 3942 ἀπὸ
629 3878 703 3941 τῶν
711 3872 904 3961 Αἰγυπτίων
925 3866 945 3961 ή
968 3872 1131 3961 καινότης,
1161 3867 1241 3939 ἀλλὰ

215 3971 283 4063 πρὸ
306 3971 407 4063 αάτής
426 3972 465 4042 τό
489 3970 655 4065 εάρυθμσν
677 3978 734 4043 ’καί
753 3974 793 4044 τὸ
811 3971 978 4063 εόμορφον
998 3981 1159 4062 κρίνουσι,
1186 3998 1241 4058 με·

215 4080 368 4167 τέστησεν
395 4072 480 4145 αάτά
505 4081 561 4145 καί
588 4075 696 4147 σάκέτι
718 4075 774 4146 διὰ
798 4076 896 4166 τιμής
916 4068 990 4165 ήγευ
1013 4075 1059 4158 ὡς
1079 4075 1146 4165 πρὸ
1168 4082 1239 4145 τοῦ·
