2722 4646
416 266 454 321 11.
476 244 747 321 οΡοΜΗυοΥΣ
765 266 790 320 1.
800 267 826 322 ν.
1115 258 1136 322 9

135 524 278 594 ΠΡΟΣ
301 523 406 592 ΤΟΝ
425 523 677 607 ΕΙΠΟΝΤΑ,
697 523 1025 598 ΠΡΟΜΗΘΕΥΣ
1046 530 1101 596 ΕΙ

469 636 537 702 ΕΝ
557 635 768 705 ΔΟΓΟΙΣ.

149 780 275 853 Οὐκοῦν
287 787 472 872 Προμηθέα
488 807 531 869 με
548 779 633 853 εἶναι
650 784 732 877 φής,ι
751 784 781 852 εἰ
797 785 856 869 μέν
873 784 957 855 κατὰ
974 794 1087 872 τοῦτο,
1106 778 1134 857 ὦ
1153 810 1167 858 1

100 882 225 977 άριστε,
246 883 292 965 ιύς
305 889 451 975 πηλίνων
463 882 564 971 κάμοὶ
580 892 646 954 τάν
661 887 762 975 ὐργων
776 884 891 972 όντων,
914 891 1059 978 γνωρίζω
1077 890 1135 980 τήν

99 991 208 1059 εἰκόνα
227 996 285 1056 καί
302 1013 388 1078 φημι
402 983 518 1074 όμοιος
531 985 615 1056 εἰναι
629 987 732 1078 αὐτῷ,
753 988 822 1060 οὐδ’
838 987 1013 1078 ἀναίνομαι
1029 997 1136 1082 πηλο-

96 1093 236 1172 πλάθος
255 1088 394 1174 άκούειν,
413 1092 444 1160 εἰ
461 1093 515 1158 καί
534 1091 739 1181 φαυλότερος
757 1092 832 1179 έμολ
850 1090 868 1162 ό
887 1094 994 1183 πηλὸς
1012 1094 1083 1176 οἰός
1100 1095 1136 1164 έκ

94 1194 247 1286 τριόδου,
275 1195 439 1285 βόρβορός
455 1220 507 1274 τις
523 1189 618 1283 παρά
634 1196 770 1280 μικρόν·
798 1196 828 1265 εἰ
846 1198 882 1265 δὲ
903 1194 1135 1287 ὑπερεπαινῶν

93 1298 173 1378 τοὺς
190 1299 312 1386 λόγους
330 1296 375 1377 ὥς
389 1299 501 1386 ’δῆθεν
519 1294 720 1385 εὐμηχάνους
743 1295 839 1379 όντας
856 1298 913 1369 τὸν
936 1302 1133 1390 σοφώτατον

92 1410 160 1472 τῶν
186 1402 334 1479 Τιτάνων
354 1400 567 1490 ἐπιφημίζεις
588 1397 715 1484 αὐτοῖς,
744 1397 807 1490 ὐρα
826 1404 872 1492 μή
893 1418 945 1484 τις
966 1404 1134 1493 εἰρωνείαν
1174 1430 1180 1437 ·

94 1512 142 1596 φῇ
161 1508 220 1573 καὶ
236 1511 385 1594 μυκτῆρα
408 1503 478 1573 οἷον
494 1502 552 1574 τὸν
566 1501 708 1575 Ἀττικόν
729 1521 905 1597 προσεῖναι
925 1513 972 1595 τῷ
996 1506 1132 1596 ἐπαίνῳ.

63 1594 69 1621 ⁴
92 1605 115 1698 ἢ
131 1607 248 1676 πόθεν
265 1604 327 1695 γὰρ
346 1603 525 1696 εὐμήχανον
542 1605 682 1692 τούμόν,·
707 1616 759 1690 τίς
781 1607 812 1679 δ’
828 1606 848 1698 ἡ
866 1608 1004 1699 περιττὴ
1028 1617 1133 1699 σοφία

9 1780 10 1783 ,
93 1713 150 1778 καί
169 1709 368 1798 προμήθεια
386 1709 419 1777 έν
436 1723 509 1789 τοῖς
525 1710 729 1798 γράμματος
755 1709 801 1792 ιύς
823 1713 934 1800 έμοιγε
952 1710 1074 1796 ἰκανὸν,
1102 1714 1133 1781 εἰ

92 1810 138 1902 μή
156 1814 247 1881 πάνυ
268 1836 323 1879 σοι
336 1811 431 1901 γήϊνα
445 1813 536 1895 ἔδοξε
549 1815 632 1901 μηδὲ
645 1816 763 1904 κομιδῇ
781 1814 858 1897 άξια
871 1822 931 1884 τοῦ
943 1818 1131 1885 Καυκάσου.

93 1921 204 1983 καίτοι
222 1916 322 2002 πόσῳ
342 1916 545 2003 δικαιότερον
564 1913 658 2001 ὑμεῖς
676 1913 715 1984 ἂν
734 1917 925 1999 εἰκάζοισθε
941 1925 988 2005 τῴ
998 1931 1132 2006 Προμη-

95 2026 169 2100 θεῖ,
189 2014 315 2085 ὁπόσοι
329 2016 361 2085 ἰν
375 2018 481 2099 δίκαις
495 2015 697 2104 εὐδοκιμεῖτε
711 2018 769 2088 σὺν
780 2017 924 2108 άληθείμ
937 2020 1133 2103 ποιούμενοι

94 2117 173 2201 τούς
195 2117 340 2207 άγῶνας,·
371 2120 476 2203 ζῶντα
497 2128 575 2209 γοῦν
598 2119 644 2202 ὡς
667 2119 804 2210 άληθῶς
824 2126 879 2190 καί
901 2123 1034 2209 ἔμψυχα
1055 2119 1132 2205 ύμῖν

94 2222 138 2291 τὰ
156 2223 249 2313 ἔργα,
268 2225 325 2290 καί
341 2221 378 2312 νή
396 2228 463 2291 Δία
478 2223 586 2292 καὶτὸ
601 2224 726 2312 θερμὸν
745 2223 851 2294 αὐτῶν
865 2225 936 2294 έστι
954 2226 1131 2311 διάπυρον·

93 2330 152 2395 καὶ
169 2333 269 2394 τοῦτο
288 2323 322 2392 ἐκ
339 2332 615 2414 τούΠρομηθέως
633 2325 673 2396 άν
686 2328 752 2416 εἰη,
771 2327 856 2417 πλήν
871 2328 901 2397 εἰ
917 2326 962 2417 μή
975 2329 1132 2396 διαλλάτ-

92 2453 202 2510 τοιτε,
229 2424 283 2509 ὅτι
299 2426 344 2516 μή
363 2427 399 2496 ἰκ
416 2432 524 2516 πηλοῦ
541 2431 715 2512 πλάττετε,
744 2427 828 2497 άλλδι
843 2438 948 2519 χρυσᾶ
965 2428 1043 2516 ύμῖν
1060 2443 1131 2510 τοῖς

93 2534 236 2612 πολλοῖς
253 2529 296 2599 τὰ
312 2531 503 2616 πλάσματα.
530 2527 626 2619 ήμεῖς
644 2533 680 2599 δέ
697 2532 731 2600 οἰ
748 2531 782 2612 ἰς
798 2530 840 2600 τὰ
857 2534 973 2620 πλήθη
991 2533 1131 2620 παριόν-
1149 2551 1164 2597 2

94 2660 149 2716 τες
160 2637 219 2702 καί
230 2632 291 2715 τὰς
302 2634 458 2715 τοιαύτας
470 2640 536 2701 τῶν
546 2630 735 2723 άκροάσεων
744 2633 996 2721 ἐπαγγέλλοντες
1008 2634 1131 2701 εἴδωλα

95 2733 180 2806 άττα
200 2734 474 2822 ἐπιδεικνύμεθα·
492 2734 603 2804 καὶτὸ
621 2736 680 2820 μὲν
699 2731 775 2803 όλον
794 2734 827 2804 έν
843 2739 954 2826 πηλῷ,
973 2735 1130 2827 καθάπερ

95 2839 179 2930 ἔφην
196 2836 312 2926 μικρὸν
331 2836 536 2926 ἔμπροσθεν,
555 2835 575 2928 ή
593 2837 758 2928 πλαστικὴ
776 2837 859 2906 κατά
870 2835 976 2907 ταύτὰ
987 2851 1059 2919 τοῖς
1075 2863 1131 2905 κο-

96 2941 302 3030 ροπλάθοις·
325 2938 367 3009 τά
380 2937 410 3008 δ
425 2937 509 3007 άλλα
523 2938 598 3010 οὐτε
611 2949 735 3030 κίνησις
749 2938 850 3028 ὁμοία
863 2942 1041 3032 πρόσεστιν
1056 2938 1131 3010 οὐτε

95 3050 206 3133 ψυχῆς
215 3043 322 3132 δῆγμά
334 3070 382 3126 τι,
402 3040 485 3111 ἀλλὰ
493 3050 612 3132 τέρψις
620 3041 728 3124 άλλως
740 3043 926 3113 καὶπαιδιὰ
934 3043 972 3113 τὸ
982 3051 1129 3132 πρᾶγμα.

96 3143 258 3232 δίστομον
276 3144 499 3231 ἰνθυμεῖσθαι
517 3146 628 3215 όπεισι
643 3144 689 3234 μή
707 3143 774 3237 άρα
791 3143 877 3216 ούτιυ
895 3172 937 3233 με
946 3153 1130 3236 Προμηθέα

96 3252 203 3340 λέγεις
220 3245 307 3317 εἰναι
328 3246 373 3330 ὥς
392 3244 409 3318 ὃ
427 3247 570 3335 κωμικὸς
586 3247 644 3318 τὸν
661 3252 809 3318 Κλέωνα·
837 3253 921 3341 φησί
939 3250 988 3333 δέ,
1013 3245 1128 3332 οἰσθα,

96 3356 177 3441 περὶ
195 3348 312 3420 αὐτοῦ·
868 3424 874 3435 ρ

183 3457 296 3523 Κλέων
314 3455 515 3545 Προμηθεύς
532 3453 604 3523 ἔστι
619 3452 704 3540 μετὰ
720 3452 763 3522 τά
780 3454 970 3542 πράγματα.

96 3561 153 3627 καὶ
171 3555 267 3626 αὐτοὶ
290 3558 325 3626 δὲ
338 3554 511 3646 Ἀθηναῖοι
531 3555 609 3637 τούς
626 3562 766 3644 χυτρέας
782 3560 838 3625 καλ
861 3553 1058 3634 ἰπνοποιοὺς
1074 3555 1131 3620 καί

96 3661 236 3742 πάντας,
257 3655 332 3729 όσοι
345 3652 535 3748 πηλουργοί,
554 3664 756 3747 Προμηθέας
764 3656 949 3728 ἀπεκάλουν
959 3656 1130 3725 έπισκιύπ-

96 3787 209 3844 τοντες
232 3760 265 3842 ές
286 3760 343 3833 τὸν
364 3760 471 3851 πηλὸν
492 3764 548 3829 καί
568 3754 626 3851 τήν
648 3760 682 3831 έν
702 3764 785 3852 πυρὶ
808 3756 902 3845 οἰμαι
922 3766 988 3828 τῶν
1006 3765 1129 3828 σκευῶν

98 3861 254 3954 όπτησιν·
272 3867 328 3935 καί
345 3865 378 3934 εἰ
392 3871 430 3954 γέ
447 3888 502 3933 σοι
514 3869 612 3931 τοῦτο
624 3864 780 3949 βούλεται
794 3858 878 3937 εἶναι
892 3859 1127 3951 όΠρομηθεύς,

11 4020 13 4025 -
97 3969 186 4039 πάνυ
205 3964 368 4052 εὐστόχως
386 3965 644 4049 άποτετόξευται
660 3968 716 4034 καί
734 3964 768 4045 ές
783 3963 842 4055 τήν
854 3962 995 4056 Ἀττικὴν
1014 3966 1130 4052 δριμύ-

97 4096 181 4163 τητα
197 4077 265 4140 τῶν
283 4072 501 4157 σκωμμάτων,
530 4068 604 4139 ἰπεί
621 4071 677 4139 καὶ
694 4064 869 4158 εύθρυπτα
885 4065 963 4160 ήμῖν
980 4068 1022 4138 τὰ
1040 4068 1127 4158 ἐ’ργα,
