2722 4646
223 200 246 266 4
603 210 860 266 ΔΟΥΚΙΑΝΟΥ

222 314 278 386 Δί’
299 314 336 385 οό
360 315 493 406 σφόδρα
514 319 562 402 τῷ
583 314 755 402 πράγματι
777 309 978 400 ἀχθόμενος,
1008 310 1092 381 άλλά
1113 338 1173 399 μοι
1198 315 1255 381 καί

222 418 363 488 παιδιάν
380 443 454 485 τινα
472 413 532 484 ούκ
549 411 676 504 ἀτερπῆ
696 413 804 483 ἐδόκει
820 414 903 499 ἔχειν
919 417 976 482 καὶ
994 413 1079 506 πρὸς
1091 413 1169 495 τοὺς
1183 412 1255 502 ήλι-

222 521 344 601 κιάτας
357 518 526 601 ἐπίδειξιν,
545 516 577 585 εἰ
590 522 767 607 φαινοίμην
775 517 879 597 θεούς
891 541 927 584 τε
938 517 1073 608 γλύφων
1085 521 1140 585 καὶ
1154 515 1256 605 ἀγάλ
1346 538 1349 543 ⁴

222 622 328 709 μάτιά
345 647 420 690 τινα
435 617 537 711 μικρὰ
553 619 802 701 κατασκευάζων
820 618 950 708 ἐμαυτῷ
967 645 1004 688 τε
1025 618 1186 701 κάκείνοις
1203 618 1255 700 οἷς

221 723 446 815 προῃρούμην.
490 724 547 789 καὶ
562 721 601 790 τό
619 746 657 810 γε
673 728 807 810 πρῶτον
825 720 928 790 έκεῖνο
951 724 1006 790 καὶ
1024 723 1167 811 σύνηθες
1183 734 1256 802 τοῖς

223 826 414 918 ἀρχομένοις
432 824 588 914 έγίγνετο·
615 822 757 911 ἐγκοπέα
772 824 835 915 γάρ
852 825 926 893 τινά
944 850 1003 911 μοι
1020 823 1099 905 δοὺς
1121 822 1139 892 δ
1157 831 1255 905 θεῖος

223 930 371 998 έκέλεοσέ
386 952 447 1015 μοι
463 925 570 1016 ήρέμα
581 932 788 996 καθικέσθαι
805 927 932 1009 πλακὸς
946 927 980 995 έν
991 932 1082 1016 μέσῳ
1096 931 1253 1016 κειμένης,

222 1030 372 1101 ἐπειπὼν
393 1028 432 1098 τὸ
454 1027 562 1097 κοινὸν
576 1025 687 1119 “ἀρχή
706 1031 743 1098 δέ
759 1055 813 1105 τοι
833 1026 935 1120 ήμισυ
957 1027 1112 1109 παντός.”
1158 1033 1256 1118 σκλη-

222 1135 356 1225 ρότερον
384 1133 420 1200 δέ
444 1131 690 1218 κατενεγκόντος
714 1128 771 1200 ἀπ’
791 1129 960 1221 ἀπειρίας,
987 1132 1127 1220 κατεάγη
1153 1129 1255 1221 μὲνή

221 1236 323 1318 πλάξ,
344 1232 362 1303 ό
382 1235 418 1301 δέ
436 1230 662 1321 ἀγανακτήσας
680 1235 840 1324 σκυτάλην
857 1233 931 1303 τινδι
949 1237 1090 1323 πλησίον
1106 1236 1256 1322 κειμένην

221 1337 331 1424 λαβὼν
345 1332 384 1404 ού
394 1336 513 1426 πράως
525 1331 602 1404 ούδδ
615 1344 866 1426 προτρεπτικῶς
877 1362 942 1422 μου
955 1337 1147 1425 κατήρξατο,
1168 1333 1256 1406 ὥστε

187 1465 205 1513 4
224 1440 348 1527 δάκρυά
360 1463 420 1526 μοι
432 1436 476 1506 τὰ
487 1443 651 1526 προοίμια
663 1445 721 1527 τής
737 1444 859 1527 τέχνης.
891 1436 1043 1528 ἀποδρὰς
1056 1431 1113 1507 οὖν
1127 1439 1256 1507 ἐκεῖθεν

221 1542 280 1611 ἐπὶ
295 1537 353 1628 τήν
371 1540 477 1609 οἰκίαν
495 1538 698 1630 ἀφικνοῦμαι
712 1542 841 1624 συνεχὲς
855 1538 1021 1623 ἀναλύζων
1038 1544 1094 1608 καί
1108 1542 1255 1629 δακρύων

219 1642 298 1723 τοὺς
316 1641 516 1732 ὀφθαλμοὺς
532 1640 726 1725 ὑπόπλεως,
744 1647 800 1710 καὶ
819 1637 997 1732 διηγοῦμαι
1012 1641 1070 1731 τὴν
1084 1645 1253 1732 σκυτάλην,
1308 1720 1310 1727 ¹

220 1749 276 1814 καὶ
288 1744 367 1825 τοὺς
379 1745 550 1829 μώλωπας
564 1743 739 1814 ἐδείκνυον·
757 1749 813 1813 καί
825 1747 1024 1835 κατηγόρουν
1038 1747 1164 1835 πολλήν
1180 1772 1256 1814 τινα
1289 1738 1292 1743 ’

221 1846 390 1938 ὠμότητα,
421 1851 586 1936 προσθεὶς
605 1845 659 1916 ότι
678 1845 746 1917 ἀπὸ
769 1849 902 1937 φθόνου
924 1854 1028 1916 ταῦτα
1050 1847 1181 1937 έδρασε,
1208 1848 1254 1937 μή

221 1949 320 2020 αότδν
337 1948 577 2041 ὑπερβάλωμαι
598 1949 683 2019 κατόι
703 1949 762 2041 τήν
782 1956 903 2039 τέχνην.
949 1947 1256 2040 άγονακτησαμένης

221 2054 258 2122 δέ
269 2060 328 2142 τῆς
340 2052 464 2143 μητρὸς
476 2057 532 2120 καὶ
544 2051 654 2122 πολλὰ
667 2060 714 2140 τῷ
725 2051 859 2142 ἀδελφῷ
873 2054 1159 2142 λοιδορησαμένης,
1179 2052 1257 2121 ἐπεὶ

219 2155 278 2238 νὺξ
294 2155 436 2245 έπήλθε,
459 2157 666 2243 κατέδαρθον
684 2154 734 2224 ότι
751 2153 905 2243 ένδακρυς
921 2158 978 2222 καὶ
994 2153 1052 2243 τήν
1068 2153 1160 2239 νύχθ’
1177 2152 1255 2244 ὅλην

187 2258 421 2329 οέννοῶν***.
464 2262 561 2345 μέχρι
580 2258 639 2343 μὲν
663 2256 702 2346 δή
724 2258 850 2326 τούτων
871 2258 1035 2344 γελάσιμα
1056 2260 1112 2324 καί
1137 2283 1256 2348 μειρα,

220 2361 322 2448 κιιάδη
340 2357 383 2427 τά
401 2359 569 2446 εἰρημένα·
587 2357 629 2425 τὰ
645 2357 730 2443 μετὰ
747 2365 852 2426 ταῦτα
869 2360 906 2427 δέ
924 2356 1034 2428 οὐκέτι
1048 2356 1257 2450 εύκαταφρό·

218 2486 313 2550 νητα,
342 2454 521 2549 ὦάνδρες,
555 2458 755 2543 ἀκούσεσθε,
784 2457 869 2528 ἀλλὰ
889 2465 945 2529 καὶ
970 2462 1058 2529 πάνυ
1086 2465 1255 2551 φιληκόων

220 2562 391 2654 ἀκροατῶν
409 2564 563 2648 δεόμενα·
590 2563 645 2631 ἵνα
661 2560 723 2654 γάρ
740 2559 818 2629 καθ’
827 2560 963 2654 Ὅμηρον
982 2564 1068 2632 ε’ίπω

389 2666 487 2746 θεῖός
503 2690 563 2750 μοι
580 2664 732 2734 ένύπνιον
748 2656 851 2754 ήλθεν
869 2663 994 2756 άνειρος

348 2764 531 2856 ἀμβροσίην
549 2768 606 2835 διὰ
623 2768 723 2836 νύκτα

218 2867 354 2959 έναργής
371 2865 477 2949 οὕτως
496 2865 590 2938 ὥστε
602 2872 703 2960 μηδὲν
720 2867 973 2939 ἀπολείπεσθαι
993 2876 1052 2960 τής
1074 2869 1252 2960 ἀληθείας·

218 2971 268 3040 ἀνι
288 2978 367 3060 γοῦν
388 2974 444 3038 καὶ
463 2970 548 3056 μετὰ
569 2979 727 3041 τοσοῦτον
747 2973 864 3061 χρόνον
889 2972 932 3040 τά
952 2998 989 3041 τε
1015 2974 1167 3063 σχήματά
1191 2999 1254 3061 μοι
1345 3026 1346 3031 1

216 3081 284 3142 τῶν
302 3080 467 3163 φανέντων
486 3074 519 3143 έν
535 3087 608 3156 τοῖς
630 3073 824 3165 ὀφθαλμοῖς
841 3081 1024 3165 παραμένει
1045 3074 1140 3167 καλή
1158 3076 1252 3167 φωνὴ

184 3183 283 3250 οτῶν
301 3174 532 3246 ἀκουσθέντων
554 3176 704 3259 ἐ’ναυλος·
735 3173 822 3246 ούτω
845 3183 937 3267 σοφή
959 3178 1070 3246 πάντα
1091 3170 1140 3269 ἦν.
1190 3181 1252 3248 δύο

216 3293 365 3369 γυναῖκες
390 3280 572 3366 λαβόμεναι
595 3292 668 3348 τοῖν
691 3292 801 3369 χεροῖν
822 3277 929 3348 εἷλκόν
954 3306 997 3366 με
1021 3280 1108 3371 πρὸς
1134 3280 1252 3370 ἑαυτήν

217 3382 354 3474 ἑκατέρα
370 3383 461 3469 μάλα
478 3389 598 3468 βιαίως
614 3385 671 3450 καί
687 3389 866 3472 καρτερῶς·
891 3390 1010 3471 μικροῦ
1026 3390 1105 3472 γοῦν
1121 3409 1164 3470 με
1180 3386 1252 3452 διεε

217 3487 390 3555 σπάσαντο
412 3483 499 3570 πρὸς
525 3481 667 3573 ἀλλήλας
688 3484 978 3576 φιλοτιμούμεναι·
1008 3489 1064 3555 καί
1088 3483 1151 3576 γάρ
1174 3482 1252 3576 άρτι

203 3589 275 3674 μέν
293 3585 333 3657 ἀν
350 3586 370 3676 ἦ
390 3586 485 3674 ἑτέρα
503 3585 675 3676 ἐπεκράτει
695 3590 751 3655 καί
773 3586 865 3678 παρὰ
882 3586 998 3679 μικρὸν
1015 3584 1097 3657 ὅλον·
1114 3586 1181 3672 εἶχέ
1196 3614 1255 3674 με,

217 3688 294 3780 άρτι
311 3687 343 3758 δ’
359 3687 399 3756 ἀν
418 3680 520 3769 αὖθις
537 3687 604 3758 ἀπὸ
622 3696 681 3778 τῆς
697 3688 810 3780 έτέρας
827 3689 970 3782 εἰχόμην.
996 3688 1101 3777 έβάων
1112 3690 1253 3782 δίπρὸς

217 3789 358 3882 ἀλλήλας
384 3790 534 3883 ἑκατέρα,
564 3789 585 3880 ή
611 3792 671 3878 μὲν
697 3789 743 3872 ὦς
768 3790 870 3882 αύτής
896 3790 975 3862 ὄντα
1000 3816 1043 3878 με
1067 3800 1250 3883 κεκτῆσθαι

216 3896 384 3979 βούλοιτο,
403 3891 424 3983 ή
443 3896 480 3963 δέ
498 3892 544 3976 ὦς
559 3895 665 3984 μάτην
682 3901 748 3964 τῶν
766 3892 945 3984 ἀλλοτρίων
959 3891 1178 3967 ἀντιποιοῖτο.
1209 3887 1251 3985 ἦν

219 3997 254 4063 δέ
270 3993 291 4085 ή
308 3995 366 4082 μέν
385 3994 535 4089 έργατική
552 4001 608 4069 καί
621 3995 754 4088 ἀνδρική
768 4001 823 4067 καὶ
836 3996 986 4086 αὐχμηρὰ
998 3997 1056 4088 τήν
1068 4000 1180 4090 κόμην,
1198 3997 1249 4067 τιὸ
