2722 4646
467 245 503 301 V.
525 244 661 299 ΤΙΜΩΝ
678 243 762 298 1-6.
1105 232 1148 296 31

113 349 297 439 τηλικαύτη
316 345 349 417 έν
367 346 484 438 ἀκαρεῖ
492 347 611 437 χρόνου
625 352 765 434 ναυαγία
779 346 837 415 ἐπὶ
848 354 908 415 τοῦ
922 351 1147 431 Δευκαλίωνος

117 453 257 540 ἐγένετο,
277 447 323 532 ῶς
335 448 545 538 ὑποβρυχίων
559 446 714 518 ἁπάντων
727 442 992 520 καταδεδυκότων
1003 452 1101 538 μόγις
1114 448 1148 520 ἐν

114 580 151 623 τι
172 553 331 641 κιβώτιον
353 558 587 642 περισωθῆναι
607 554 825 642 προσοκεῖλαν
846 558 893 640 τῷ
910 563 1065 643 Λυκωρεῖ
1085 554 1150 636 ζῶ-

114 657 226 746 πνρόν
247 661 367 724 τετοῦ
393 652 608 744 ἀνθρωπίνου
635 659 825 744 σπέρματος
851 656 1075 743 διαφυλάττον
1101 656 1149 737 είς

115 757 275 847 ἐπιγονήν
286 763 401 838 κακίας
412 759 571 843 μείζονος.
597 758 768 843 τοιγάρτοι
779 753 952 824 ἀκόλουθα
964 765 1023 845 τῆς
1040 760 1148 850 ῥριθυ-
1164 780 1182 830 4

113 867 199 950 μίας
215 858 394 948 τάπίχειρα
410 860 526 950 κομίζῃ
544 857 622 949 παρ’
634 857 751 941 αύτῶν,
772 858 848 927 ούτε
863 861 1008 939 θύοντος
1026 860 1076 927 ἐτι
1094 865 1150 928 σοί

113 989 209 1045 τινος
226 959 303 1041 σύτε
320 969 571 1052 στεφανοῦντος,
595 962 626 1029 εἰ
642 963 688 1051 μή
704 988 756 1042 τις
774 957 839 1052 ἀρα
860 962 1025 1052 πάρεργον
1038 957 1149 1047 Ὀλυμ-

114 1072 218 1149 πίων,
236 1069 293 1134 καὶ
310 1056 407 1145 οὑτος
425 1062 462 1132 οὗ
480 1065 567 1133 πάνυ
582 1060 743 1152 ἀναγκαῖα
756 1077 866 1132 ποιεῖν
885 1066 998 1147 δοκῶν,
1019 1060 1087 1132 ἀλλ’
1099 1064 1163 1144 εἷς,

116 1169 204 1249 ἐθυς
220 1195 255 1236 τι
272 1163 408 1256 ἀρχαῖον
425 1170 600 1236 συντελῶν·
625 1169 681 1234 καὶ
698 1164 766 1251 μετ’
778 1164 887 1254 ὀλίγον
903 1168 1029 1257 Κρόνον
1048 1191 1098 1249 σε,
1119 1157 1147 1234 ῶ

114 1277 213 1341 θεῶν
229 1270 449 1359 γενναιότατε,
477 1266 691 1359 ἀποφανοῦσι
712 1270 949 1358 παρωσάμενοι
965 1276 1023 1358 τῆς
1039 1277 1147 1358 τιμῆς.

101 1374 164 1444 ’ἐῶ
183 1376 288 1460 λέγειν
304 1372 447 1452 ποσάκις
464 1370 526 1462 ήδη
545 1395 605 1440 σου
623 1369 680 1439 τὸν
701 1370 783 1439 νεῶν
804 1373 1033 1460 σεσυλήκασιν·
1057 1373 1090 1441 οἱ
1112 1373 1149 1441 δέ

116 1478 179 1546 καί
197 1471 287 1564 αύτῷ
304 1499 360 1543 σοι
376 1472 437 1555 τὰς
456 1487 568 1562 χεῖρας
582 1472 792 1559 Ὀλυμπίασιν
815 1474 1065 1563 ἐπιβεβλήκασι,
1093 1476 1149 1542 καὶ

114 1577 159 1650 σὺ
183 1575 203 1646 ὑ
226 1574 449 1665 ὑψιβρεμέτης
471 1574 618 1664 ὤκνησας
641 1573 664 1666 ἢ
691 1574 875 1664 ἀναστῆσαι
899 1576 977 1657 τούς
1001 1578 1102 1657 κύνας
1126 1573 1147 1665 ἢ

114 1679 198 1761 τοὺς
214 1685 367 1768 γείτονας.
380 1678 652 1762 ἐπικαλέσασθαι,
673 1676 719 1760 ῶς
730 1679 1016 1768 βοηδρομήσαντες
1029 1677 1148 1759 αύτούς

115 1785 317 1869 συλλάβοιεν
334 1781 384 1850 ἐ’τι
402 1782 696 1867 συσκευαζομένους
716 1780 804 1869 πρὸς
819 1780 877 1870 τήν
899 1782 1019 1870 φυγήν·
1047 1778 1146 1849 ἀλλίὑ

117 1888 267 1976 γενναῖος
292 1887 348 1951 καλ
372 1887 615 1974 Γιγαντολέτωρ
640 1887 695 1952 καί
725 1885 971 1973 Τιτανοκράτωρ
998 1881 1148 1970 ἐκάθησο

5 2002 6 2005 ’
119 1985 198 2068 τοῦς
211 1987 404 2072 πλοκάμους
415 1988 681 2074 περικειρόμενος
693 1982 749 2054 ὑπ’
761 1983 879 2068 αὑτῶν,
898 1985 1083 2072 δεκάπηχυν
1096 2009 1149 2051 κε-

119 2088 240 2181 ραυνὸν
257 2088 339 2173 ἐχων
357 2087 440 2179 ἐντῇ
456 2090 557 2179 δεξιᾷ.
583 2097 688 2158 ταῦτα
698 2094 816 2171 τοίνυν,
837 2079 864 2155 ῶ
882 2087 1062 2172 θαυμάσιε,
1081 2112 1148 2175 πη-

116 2199 193 2263 νίκα
201 2190 368 2260 παύσεται
378 2187 482 2272 οὑτως
495 2190 625 2278 ἀμελεῖς
636 2191 859 2282 παρορώμενα
864 2220 875 2276 ,·
893 2186 915 2279 ἢ
927 2190 1011 2258 πότε
1023 2191 1147 2280 κολάσῃ

116 2295 177 2386 τήν
197 2293 360 2382 τοσαύτην
381 2290 532 2379 ἀδικίαν,·1
552 2295 657 2363 πόσοι
676 2301 862 2373 Φαέθοντες
883 2290 905 2383 ἢ
926 2295 1148 2374 Δευκαλίωνες

119 2398 229 2467 ἱκανοὶ
245 2392 331 2483 πρὸς
348 2390 456 2476 οὑτως
474 2394 676 2486 ὑπέραντλον
696 2394 793 2489 ὑβριν
807 2404 871 2465 τοῦ
892 2401 985 2482 βίους
1010 2396 1067 2464 ἵνα
1082 2394 1145 2486 γάρ
1162 2420 1179 2471 5

117 2499 163 2569 τὰ
175 2496 271 2568 κοινά
286 2497 388 2577 ἐάσας
399 2496 490 2583 τάμά
503 2501 598 2582 ε’ίπω,
616 2500 796 2580 τοσούτους
803 2497 984 2586 (Ἀθηναίων
998 2499 1045 2578 εἷς
1059 2496 1149 2585 ὑφος

119 2600 205 2693 ἀρας
221 2604 279 2668 καί
295 2604 476 2680 πλουσίους
497 2599 532 2668 ἐκ
554 2603 760 2670 πενεστάτων
783 2598 961 2690 ἀποφήνας
983 2604 1039 2668 καὶ
1060 2608 1148 2670 πᾶσι
1194 2692 1196 2695 ι

116 2718 192 2785 τοῖς
209 2706 376 2790 δεομένοις
394 2703 627 2793 ἐπικουρήσας,
649 2707 774 2787 μᾶλλον
792 2703 829 2770 δὲ
846 2699 973 2793 ἀθρόον
992 2702 1040 2782 εἷς
1057 2699 1149 2791 εύερ-

118 2814 237 2899 γεσίαν
252 2811 319 2874 τῶν
337 2809 443 2896 φίλων
461 2805 571 2890 ἐκχέας
588 2804 645 2873 τὸν
662 2809 819 2888 πλοῦτον,
840 2803 954 2892 ἐπειδὴ
973 2809 1073 2893 πένης
1091 2804 1148 2873 διὰ

116 2918 228 2981 ταῦτα
245 2909 407 2998 ἐγενόμην,
426 2905 534 2976 ούκέτι
548 2905 624 2976 οῦδὲ
637 2909 836 2999 γνωρίζομαι
849 2907 935 2997 πρὸς
949 2905 1058 2976 αὐτῶν
1072 2906 1148 2987 οῦδὲ

5 3040 7 3045 ⁴
118 3017 390 3105 προσβλέπουσιν
408 3013 442 3080 ολ
458 3017 541 3092 τέως
560 3008 830 3101 ὑποπτήσσοντες
850 3013 906 3078 καὶ
927 3018 1148 3100 προσκυνοῦν-

119 3142 176 3197 τες
192 3112 254 3183 κάκ
268 3121 329 3183 τοῦ
348 3114 428 3200 ἐμοῦ
446 3114 604 3201 νεύματος
621 3111 853 3204 ἀπηρτημένοι,
873 3109 942 3181 ἀλλ’
952 3111 991 3202 ήν
1007 3140 1075 3182 που
1092 3116 1149 3182 καί

120 3217 189 3307 ὁδῶ
207 3218 350 3305 βαδίζων
367 3215 487 3302 ἐντύχω
504 3222 568 3286 τινί
586 3215 703 3299 αὐτῶν,
723 3214 836 3306 ῶσπερ
853 3213 928 3284 τινά
946 3217 1064 3306 στήλην
1081 3242 1149 3285 παι
1264 3206 1268 3212 ¹

119 3324 218 3390 λαιοῦ
227 3326 340 3410 νεκροῦ
353 3317 473 3388 ὑπτίαν
486 3316 554 3388 ὑπὸ
567 3327 626 3388 τοῦ
637 3321 755 3406 χρόνον
769 3317 1051 3408 ἀνατετραμμένην
1059 3345 1148 3408 παρ-

120 3429 270 3514 έρχονται
291 3424 375 3512 μηδὲ
397 3419 600 3511 ἀναγνόντες,
628 3423 662 3490 οἱ
685 3422 720 3490 δὲ
742 3424 798 3490 καὶ
820 3422 1000 3512 πόρρωθεν
1022 3420 1149 3501 ἰδόντες

120 3526 234 3616 ἑτέραν
252 3525 461 3613 ἐκτρέπονται
484 3527 681 3615 δυσάντητον
702 3526 758 3591 καί
781 3521 1012 3609 ἀποτρόπαιον
1033 3527 1149 3607 θέαμα

120 3625 275 3715 ὄψεσθαι
292 3625 580 3713 ὑπολαμβάνοντες
595 3625 654 3695 τὸν
670 3624 707 3693 οῦ
725 3624 792 3715 πρὸ
807 3628 932 3693 πολλοῦ
946 3631 1080 3713 σωτῆρα
1091 3627 1149 3693 καὶ

120 3728 289 3821 εύεργίτην
306 3728 414 3798 αὑτῶν
430 3734 645 3818 γεγενημένον.
682 3724 768 3797 ῶστε
789 3724 856 3796 ὑπὸ
878 3733 943 3796 τῶν
964 3734 1071 3795 κακῶν
1090 3726 1148 3797 ἐπὶ
1164 3748 1181 3800 6

119 3835 242 3922 ταύτην
261 3831 320 3923 τήν
344 3829 496 3917 ἐσχατιὰν
516 3832 724 3917 τραπόμενος
746 3830 953 3918 ἐναψάμενος
979 3831 1147 3921 διφθέραν

119 3935 299 4026 ἐργάζομαι
315 3934 373 4024 τὴν
389 3942 448 4025 γῆν
464 3931 659 4020 ὑπόμισθος
676 3931 804 4020 ὀβολῶν
821 3932 995 4020 τεττάρων,
1014 3938 1054 4023 τῇ
1072 3932 1148 4023 ἐρη-

119 4044 182 4129 μίᾳ
198 4041 253 4107 καί
270 4045 311 4130 τῇ
329 4039 456 4128 δικέλλῃ
474 4040 771 4128 προσφιλοσοφῶν.
798 4035 944 4106 ἐνταῦθα
957 4043 1056 4105 τοῦτο
1068 4041 1147 4126 γοῦν
