2722 4646
610 234 865 293 ΛΟΥΚΙΑΝΟΥ

418 460 580 527 ΤΙΜΩΝ
604 460 641 527 Η
658 442 1061 533 ’ΜΙΣΑΝοΡαΠοΣ.

224 582 333 633 ΤΙΜΩΝ,
351 582 442 632 ΖΕΥΣ,
456 581 574 631 Erum,
588 580 740 632 ΠΛΟΥΤΟΣ,
755 581 867 632 mmm,
881 583 1085 634 mentum,
1101 581 1258 637 mum,

568 650 706 700 ΔΗΜΕΔΣ,
721 650 909 694 emman.

192 773 207 822 1
276 759 354 814 TIM.
384 741 498 820 ςίῖΖεῦ
516 755 607 840 φίλιε
627 753 684 819 καλ
705 753 789 833 ξένιε
809 752 866 820 καὶ
887 750 1027 842 ἑταιρεῖε
1047 755 1103 821 καί
1120 753 1258 842 ἐφέστιε

226 858 282 922 καὶ
298 851 509 941 ἀστεροπητὰ
522 856 578 921 καὶ
592 847 681 940 όρκιε
693 857 749 922 καλ
761 855 998 946 νεφεληγερέτα
1009 857 1065 924 καὶ
1079 854 1257 946 ἕρίγδουπε

225 960 281 1024 καί
299 958 338 1025 ἐἴ
355 961 390 1023 τί
412 981 449 1025 σε
472 953 552 1023 ἀλλο
575 955 609 1023 οἱ
631 953 843 1046 ἐμβρόντητοι
864 960 1004 1046 ποιηταὶ
1019 958 1171 1039 καλοῦσι,
1198 958 1257 1025 καὶ

224 1060 372 1146 μάλιστα
391 1054 470 1126 όταν
487 1055 643 1146 ἀπορῶσι
659 1056 746 1149 πρὸς
762 1057 804 1127 τὸι
821 1065 940 1150 μάτρα·
961 1060 1037 1128 τότε
1058 1058 1121 1148 γὰρ
1140 1054 1257 1140 αύτοῖς

225 1163 442 1246 πολυώνυμος
458 1161 646 1249 γιγνόμενος
662 1158 847 1251 ὑπερείδεις
863 1161 903 1230 τὸ
920 1175 1047 1232 πῖπτον
1063 1169 1123 1230 τοῦ
1131 1167 1255 1251 μίτρσυ

225 1269 282 1332 καί
299 1262 501 1355 ἀναπληροῖς
521 1262 560 1331 τὸ
582 1262 714 1353 κεχηνὸς
733 1271 793 1333 τοῦ
816 1267 948 1355 ῥυθμοῦ
955 1286 964 1301 ·
990 1272 1059 1334 ποῦ
1082 1290 1138 1334 σοι
1158 1262 1254 1354 νῦνῆ

226 1367 444 1454 ἐρισμάραγος
463 1363 616 1458 ἀστραπὴ
634 1368 690 1433 καί
706 1363 726 1454 ἡ
743 1369 952 1457 βαρύβρομος
965 1366 1083 1458 βροντὴ
1097 1370 1153 1436 καὶ
1166 1365 1185 1435 ό
1200 1367 1255 1435 αδ-

115 1494 117 1497 ·
224 1469 365 1547 θαλόεις
385 1472 441 1535 καὶ
464 1466 596 1556 ἀργήεις
616 1472 672 1535 καὶ
699 1471 899 1558 σμερδαλέος
923 1470 1093 1557 κεραυνόςς
1119 1464 1254 1538 άπαντα

223 1569 286 1658 γὰρ
304 1577 408 1639 ταῦτα
425 1573 523 1660 λῆρος
535 1567 597 1660 ἤδη
612 1567 801 1661 ἀναπέφηνε
814 1575 870 1639 καὶ
882 1570 1007 1652 καπνὸς
1020 1569 1161 1655 ἀτεχνῶς
1174 1594 1254 1639 που·

224 1671 335 1761 ητικὸς
353 1673 414 1755 ἔξω
432 1681 491 1741 τοῦ
509 1675 660 1761 πατάγου
678 1682 745 1743 τῶν
762 1672 942 1760 δνομάτων.
977 1672 1016 1743 τὸ
1040 1677 1077 1743 δὲ
1098 1672 1254 1759 ἀοίδιμόν

225 1800 285 1843 σου
303 1779 357 1843 καὶ
377 1775 530 1864 ἑκηβόλον
549 1772 653 1845 όπλον
669 1779 725 1844 καλ
741 1779 917 1866 πρόχειρον
935 1774 994 1844 σῦκ
1012 1773 1076 1845 οἶδ’
1088 1773 1182 1858 ὅπως
1198 1801 1254 1843 τε-

224 1880 306 1957 λέως
320 1874 449 1969 ἀπέσβη
461 1883 518 1946 καλ
531 1880 659 1968 ψυχρόν
673 1878 743 1948 ἐστι
756 1881 839 1968 μηδὲ
848 1877 957 1967 ὀλίγον
972 1886 1145 1968 σπινθῆρα
1153 1876 1254 1967 ἀργῆς

191 2000 207 2048 2
224 1979 307 2047 κατὰ
316 1988 382 2048 τιῦν
396 1979 595 2050 ἀδικούντων
610 1982 841 2071 διαφυλάττον.
868 1990 995 2050 θᾶττον
1007 1989 1085 2069 γοῦν
1097 1989 1164 2053 τῶν
1176 1980 1254 2050 ἀπο·

225 2096 331 2170 ορκεῖν
348 2109 399 2163 τις
416 2083 667 2171 ἐπιχειρούντων
681 2085 781 2152 ἕωλον
794 2086 982 2173 θρυαλλίδα
994 2089 1162 2174 φοβηθείη
1176 2081 1217 2152 ἀν
1229 2081 1253 2174 ἢ

223 2186 282 2272 τὴν
299 2192 357 2253 τοῦ
375 2187 631 2276 πανδαμάτορος
648 2194 804 2276 κεραυνοῦ
823 2188 945 2277 φλόγα·
964 2183 1051 2256 ούτω
1066 2187 1165 2256 δαλόν
1177 2212 1254 2255 τινα

226 2287 502 2356 ἐπανατείνεσθαι
520 2289 627 2369 δοκεῖς
644 2286 766 2371 αάτοῑς,
787 2287 833 2371 ὥς
850 2297 917 2376 πῦρ
934 2291 993 2374 μὲν
1010 2286 1032 2378 ἢ
1048 2287 1173 2358 καπνὸν
1189 2284 1250 2356 ἀπ’

225 2386 326 2455 αύτοῦ
336 2386 379 2477 μὴ
391 2389 541 2472 δεδιέναι,
558 2392 658 2475 μόνον
668 2393 705 2459 δὸ
718 2399 818 2460 τοῦτο
829 2393 967 2462 σἰἐσθαι
976 2388 1180 2460 ἀπολαύσειν
1188 2396 1251 2459 τοῦ
1263 2466 1270 2476 ,

223 2492 420 2576 τραύματος,
440 2488 494 2561 ότι
507 2489 821 2583 ἀναπλησθήσονται
833 2501 892 2583 τῆς
904 2492 1060 2581 ἀσβόλου.
1088 2489 1174 2562 ὥστε
1185 2490 1255 2582 ἤδη

225 2591 282 2661 διὸ
298 2594 402 2662 ταῦτά
421 2619 475 2663 σοι
492 2598 548 2661 καί
565 2591 584 2664 ὸ
601 2595 796 2682 Σαλμωνεὺς
813 2594 1025 2684 ἀντιβροντᾶν
1046 2595 1181 2681 ἐτόλμα,
1209 2592 1252 2662 ού
1349 2658 1352 2663 .

223 2698 331 2785 πάντη
350 2695 520 2777 ἀπίθανος
537 2694 596 2781 ἀὸν,
624 2698 711 2788 πρὸς
733 2696 820 2768 ούτω
842 2697 969 2789 ψυχρὸν
990 2697 1048 2786 τὴν
1071 2695 1167 2786 ἀργὴν
1184 2701 1253 2766 Δία

222 2797 431 2888 θερμουργὸς
453 2798 531 2888 ἀνὴρ
553 2801 863 2888 μεγαλαυχούμενος.
903 2808 979 2883 πῶς
999 2801 1078 2889 γάρ,·
1105 2796 1192 2868 ὅπου
1213 2825 1253 2885 γε

223 2901 380 2989 καθάπερ
398 2897 464 2969 ἀπὸ
482 2904 693 2991 μανδραγόραι
708 2904 894 2985 καθεύδεις,
914 2902 951 2984 ὸς
968 2898 1045 2972 σύτε
1057 2909 1123 2970 τιῦν
1136 2900 1253 2990 ἐπωρ-

223 3003 366 3071 κσύντων
385 3000 515 3084 ἀκούεις
533 3002 608 3073 οάτε
625 3004 703 3085 τοὸς
716 3003 908 3085 ἀδικοῦντας
921 3004 1125 3086 ἐπισκοπεῖς,
1144 3007 1253 3094 λημᾷς

225 3105 261 3171 δὲ
277 3107 332 3170 καί
351 3102 575 3191 ἀμβλυώττεις
591 3106 677 3197 πρὸς
693 3106 736 3176 τὸ
753 3108 926 3195 γιγνόμενα
942 3109 998 3175 καί
1013 3104 1057 3174 τὰ
1074 3097 1145 3173 ὦτα
1164 3104 1253 3173 ἐσαιε-

189 3227 205 3275 3
222 3206 380 3296 κιόφησαι
395 3209 552 3300 καθάπερ
571 3209 604 3277 ολ
620 3212 856 3299 παρηβηκότες.
892 3208 967 3278 ἐπεὶ
983 3213 1056 3287 νέος
1072 3233 1108 3296 γε
1129 3206 1179 3275 ἐ’τι
1194 3210 1253 3275 καί

223 3308 394 3394 ὀξύθυμος
411 3308 457 3380 τὸν
473 3313 529 3379 καί
547 3309 686 3396 ἀκμαῖος
697 3311 756 3401 τὴν
769 3308 866 3400 ἀργὸν
879 3308 989 3379 πολλὸι
1000 3310 1083 3379 κατὰ
1096 3315 1162 3379 τῶν
1175 3305 1253 3377 ἀδί,
1333 3317 1339 3323 ’

222 3438 288 3479 κων
305 3415 360 3480 καί
376 3418 495 3498 βιαίων
514 3411 639 3494 ἐποίεις
656 3417 711 3482 καὶ
729 3411 890 3482 ούδέποτε
906 3404 982 3502 ἦγες
997 3413 1074 3483 τότε
1091 3410 1178 3500 πρὸς
1189 3408 1253 3480 αῦ-

221 3514 298 3595 τοὸς
316 3514 503 3605 ἐκεχειρίαν,
532 3512 599 3583 ἀλλ’
616 3513 668 3584 ἀεὶ
692 3514 818 3605 ἐνεργὸς
839 3516 974 3598 πάντως
992 3512 1010 3584 ὸ
1032 3514 1188 3604 κεραυνὸς
1209 3504 1253 3602 ἦν

218 3619 276 3684 καὶ
303 3614 323 3705 ἡ
351 3618 438 3705 αίγὶς
463 3616 631 3687 ἐπεσείετο
656 3616 753 3706 καὶὴ
780 3616 899 3709 βροντὴ
922 3618 1119 3706 ἐπαταγεῖτο
1146 3619 1202 3684 καὶ
1227 3612 1251 3703 ἦ

223 3717 376 3808 ἀστραπὴ
395 3720 523 3803 συνεχὲς
541 3715 655 3808 ὥσπερ
669 3720 717 3801 εἷς
730 3717 969 3810 ἀκροβολισμὸν
981 3719 1250 3809 προηκοντίζετο·

223 3822 255 3887 οἱ
274 3823 406 3908 σεισμοὶ
428 3824 464 3891 δὲ
485 3822 675 3911 κοσκινηδὸν
695 3826 752 3891 καὶ
773 3821 892 3912 ἡχιώυ
909 3820 1058 3911 σωρηδὸν
1078 3821 1135 3888 καί
1151 3816 1172 3909 ἡ
1187 3820 1251 3903 χά-

221 3923 304 4004 λαζα
320 3926 497 4013 πετρηδόν·
518 3930 575 3994 καλ
592 3927 646 4001 ἵνα
664 3951 719 3995 σοι
736 3932 902 4016 φορτικῶς
920 3925 1134 4012 διαλέγωμαι,
1157 3917 1251 3989 ὸετοί

221 4050 258 4091 τε
279 4027 433 4115 ῥαγδαῖοι
455 4030 510 4096 καὶ
530 4034 651 4114 βίαιοι,
680 4025 831 4113 ποταμὸς
849 4025 967 4116 ἑκάστη
990 4026 1132 4113 σταγών·
1161 4017 1249 4091 δι’στε
