2740 4648
225 183 290 252 296
322 196 329 205 ’
611 192 868 261 Λουκιειιστ,

224 300 318 392 ἡμῶν
334 302 549 370 καταδιαιτᾶν
567 295 662 389 ἀνδρὶ
678 299 903 368 πιστεύσαντα
918 302 998 382 μίαν
1016 294 1093 366 ὁδὸν
1111 290 1144 365 έν
1157 300 1255 387 φιλο-

224 509 264 575 δέ
279 532 317 595 γε
333 511 525 592 νομοθέται,
546 496 573 571 ὦ
591 517 720 588 Λυκῖνε,
740 502 799 588 ούχ
817 498 902 573 ούτω
921 502 1167 591 προστάττουσι
1183 514 1256 582 τοῖς

227 611 401 688 δικασταῖς
418 622 548 689 ποιεῖν,
571 606 729 683 οὐδὲτοῦ
753 606 863 698 ἑτέρου
885 606 945 691 μέν
971 602 1113 686 ἀκούειν,
1140 603 1198 672 τὸν
1220 606 1256 673 δέ

224 711 336 797 ἕτερον
358 708 418 793 ούκ
441 711 496 779 έᾶν
519 715 622 798 λέγειν
643 712 728 800 ὑπὲρ
752 708 869 776 ἑαυτοῦ
893 708 1044 786 &aima
1065 713 1256 796 συμφέρειν,

224 811 294 882 ἀλλ’
311 811 436 898 ὁμοίως
454 812 581 902 ἀμφοῖν
600 811 804 902 ἀκροᾶσθαι,
823 809 875 890 ἱὠς
892 813 971 900 ῥᾷον
994 808 1257 892 ἀντεξετάζοντες

224 915 302 997 τοὺς
320 917 436 1004 λόγους
455 913 635 1005 εὑρίσκοιεν
651 912 781 1003 τάληθῆ
804 939 840 982 τε
861 918 917 981 καὶ
934 915 1057 1002 ψευδῆ,
1082 916 1141 979 καὶ
1162 909 1201 1000 ἤν
1218 938 1257 998 γε

224 1018 269 1109 μὴ
293 1015 378 1086 ούτω
401 1026 559 1102 ποιῶσιν,
588 1018 718 1107 ἐφιέναι
740 1018 876 1084 δίδωσιν
902 1013 921 1082 δ
944 1017 1045 1104 νόμος
1070 1015 1118 1094 εἰς
1143 1015 1259 1105 ἕτερον

171 1145 205 1195 81
226 1123 444 1211 δικαστήριον.
484 1127 624 1188 τοιαῦτα
646 1117 729 1187 ἀττα
756 1117 842 1202 εἰκὸς
865 1118 948 1204 ἐρεῖν
971 1115 1099 1197 αύτούς.
1135 1115 1157 1206 ἢ
1178 1114 1255 1201 τάχ’
1352 1190 1353 1227 ÷

225 1220 264 1292 ἀν
286 1222 468 1319 τηςαάτῶν
488 1226 545 1290 καὶ
570 1222 769 1310 προσέροιτό
796 1247 851 1307 με,
880 1218 956 1287 εἰπέ
981 1244 1054 1305 μοι,
1083 1222 1200 1307 λέγων,
1227 1211 1258 1286 ὦ

223 1336 357 1408 Λυκῖνε,
386 1327 419 1393 εἴ
437 1352 488 1405 τις
504 1327 643 1411 Αἰθίοψ
664 1324 891 1411 μηδεπώποτε
912 1319 1031 1404 ἀλλους
1049 1320 1260 1410 ἀνθρώπους

138 1450 144 1471 ’
225 1429 318 1510 ἰδὼν,
347 1426 415 1496 ολοι
440 1425 534 1515 ἡμεῖς
554 1424 669 1511 ιἐσμεν,
699 1423 815 1493 διὰτὸ
837 1424 881 1514 μὴ
909 1422 1194 1513 ἀποδεδημηκέναι
1215 1422 1259 1492 τὸ
1352 1422 1353 1427 ’

223 1531 400 1621 παράπαν,
427 1528 462 1597 ἀν
479 1530 544 1597 τίνι
562 1529 709 1616 συλλόγῳ
732 1535 798 1607 τῶν
815 1522 997 1596 Ᾱάθιόπων
1019 1528 1258 1615 διισχυρίζοιτο
1352 1536 1353 1539 ’

223 1637 279 1701 καὶ
296 1637 386 1721 λέγοι
402 1632 578 1720 μηδαμόθι
591 1638 655 1720 τῆς
671 1638 729 1718 γῆς
752 1629 954 1720 ἀνθρώπους
976 1626 1060 1698 εἶναι
1081 1614 1216 1709 λευκούς
1234 1625 1257 1717 ἢ
1352 1674 1353 1701 2

224 1734 369 1818 ξανθοὺς
385 1736 469 1823 μηδὲ
487 1733 567 1802 ἀλλο
584 1762 618 1802 τι
634 1730 657 1823 ἢ
674 1736 828 1818 μέλανας,
858 1724 921 1819 ἀρα
944 1728 1124 1800 πιστεύοιύ
1137 1729 1177 1798 ἀν
1196 1728 1255 1799 ἀπ’
1352 1718 1353 1723 ¹

224 1835 347 1922 αάτῶν;
377 1835 399 1926 ἢ
428 1838 522 1905 ε’ίποι
545 1864 596 1916 τις
624 1834 663 1904 ἀν
690 1833 776 1926 πρὸς
802 1831 901 1902 αύτδν
926 1840 992 1902 τῶν
1022 1840 1257 1923 πρεσβυτέρων

221 1941 416 2019 Αἰθιόπων,
437 1939 476 2007 σὺ
496 1940 532 2006 δὲ
551 1937 590 2027 δη
607 1939 718 2006 πόθεν
736 1944 848 2019 ταῦτα,
869 1928 1110 2022 ἀθραούτατε,
1130 1934 1258 2021 οἶσθας

183 2108 190 2117 ,
224 2040 261 2112 οὗ
283 2041 345 2132 γὰρ
369 2041 585 2130 ἀπεδήμησας
608 2039 686 2128 παρ’
701 2038 794 2129 ἡμῶν
817 2038 983 2124 οὐδαμόσε
1006 2036 1086 2111 ούδί,
1108 2036 1255 2128 είδεςνὴ
1352 2110 1353 2115 ,

221 2151 288 2214 Δία
310 2144 352 2213 τὰ
373 2144 467 2231 παρὰ
488 2157 559 2223 τοῖς
582 2141 694 2223 ἀλλοις
716 2141 821 2210 δποῖά
844 2142 929 2213 έστι·
957 2147 1058 2229 φαίην
1085 2137 1125 2209 ἀν
1152 2142 1257 2228 ἐ’γωγε

224 2247 520 2337 δίκαιαέρωτησαι
545 2245 603 2315 τὸν
630 2246 834 2336 πρεσβύτην,·
859 2241 881 2332 ἢ
903 2251 991 2326 πῶς,
1013 2235 1046 2315 ,ἀ
1066 2241 1252 2330 Ἑρμότιμε,

223 2350 473 2433 συμβουλεύειςς

272 2467 359 2523 ΕΡΜ.
396 2447 502 2518 θύσω·
522 2451 716 2519 δικαιότατα
731 2451 793 2541 γὰρ
812 2451 993 2538 ἐπιπλῆξαι
1012 2450 1102 2517 δοκεῖ
1117 2468 1187 2533 μοι.

270 2570 357 2625 ΛΥΚ,
395 2556 460 2620 Καὶ
487 2553 549 2643 γάρ
572 2554 698 2641 ἔμοιγε,
725 2545 956 2642 ιάἙρμότιμε.
993 2549 1076 2619 ἀλλὰ
1102 2549 1139 2619 τὸ
1166 2549 1258 2636 μετόν

221 2664 319 2725 τοῦτο
338 2654 439 2733 οὐκέτ’
456 2654 533 2725 οἶδα
551 2657 582 2724 εἰ
600 2655 725 2742 δμοίως
741 2660 797 2724 καί
815 2659 870 2725 σοὶ
892 2657 997 2737 δόξει·
1020 2655 1095 2740 έμοὶ
1111 2655 1171 2739 μὲν
1188 2652 1255 2744 γὰρ

220 2768 320 2828 τοῦτο
338 2763 394 2826 καὶ
411 2760 500 2827 πάνυ
520 2761 619 2843 δοκεῖ.

170 2882 203 2932 82
272 2878 359 2933 EPM.
398 2861 440 2931 Τὸ
459 2875 576 2945 ποῖον,·
691 2909 694 2915 -

271 2980 355 3034 ΛΥΚ,
391 2960 525 3045 Ἐπάξει
543 2962 665 3052 δηλαδὴ
686 2960 704 3030 ό
723 2959 802 3051 ἀνὴρ
820 2965 876 3030 καὶ
894 2963 995 3052 φήσει
1012 2962 1099 3048 πρός
1119 2986 1168 3046 με·
1184 2951 1272 3029 ὧδέ.

220 3085 309 3145 πως·
336 3064 495 3154 ἀνάλογον
516 3072 624 3133 τοίνυν
650 3071 777 3133 κείσθω
803 3091 854 3145 τις
879 3063 970 3153 ἡμῖν,
998 3056 1025 3132 ἀ
1047 3075 1181 3145 Λυκῖνε,
1208 3061 1256 3130 τδι

219 3176 374 3238 Στωϊκῶν
391 3171 476 3254 μόνα
495 3167 604 3249 εἰδώς,
628 3169 785 3255 καθάπερ
804 3165 824 3235 δ
841 3168 899 3248 σδς
918 3171 1015 3257 φίλος
1033 3157 1129 3246 οὗτος
1146 3161 1165 3233 δ
1181 3162 1256 3255 Ἑρ·

147 3300 150 3309 ’
219 3271 371 3357 μότιμος,
390 3269 610 3359 ἀποδημήσας
628 3272 664 3338 δὲ
681 3272 906 3360 μηδεπώποτε
922 3271 1005 3358 μήτε
1024 3268 1057 3348 ἐς
1072 3267 1256 3348 Πλάτωνος

219 3374 302 3462 μήτε
323 3373 417 3459 παρόν
440 3373 497 3453 τὸν
517 3371 709 3464 Ἐπίκουρον
730 3375 812 3462 μήτε
835 3370 921 3454 ὅλως
943 3369 1021 3459 παρ’
1038 3369 1137 3445 ἀλλον
1162 3372 1255 3438 τινά.

219 3477 251 3544 εἰ
267 3483 375 3546 τοίνυν
392 3480 482 3563 λέγοι
498 3477 599 3565 μηδὲν
617 3473 703 3545 ούτω
719 3476 817 3546 καλὸν
830 3475 915 3545 εἶναι
927 3472 1005 3563 μηδ’
1018 3472 1143 3563 ἀληθὲς
1154 3472 1258 3562 παρὰ

216 3593 291 3660 τοῖς
309 3577 435 3661 ἀλλοις,
462 3578 520 3646 οἷα
537 3577 579 3646 τὰ
600 3586 657 3666 τῆς
674 3586 781 3660 Στοᾶς
799 3579 870 3646 ἐστι
891 3582 946 3651 καὶ
967 3579 990 3646 ἃ
1014 3577 1116 3663 ἐκείνη
1136 3578 1255 3665 φησὶν,

218 3680 279 3751 ούκ
301 3680 341 3751 ἀν
362 3679 505 3769 εάλόγως
526 3680 657 3772 θρασύς
684 3679 768 3750 εἶναι
791 3682 901 3764 δόξειέ
929 3705 984 3749 σοι
1009 3682 1089 3769 περὶ
1114 3678 1257 3746 πάντων

220 3782 502 3872 ἀποφαινόμενος,
519 3788 574 3853 καί
590 3791 697 3853 ταῦτα
715 3784 747 3852 ἓν
766 3783 876 3865 εἰδὼς,
895 3781 1116 3855 οὐδεπώποτε
1135 3779 1257 3863 &5211-

219 3894 364 3967 θιοπίοὶς
378 3888 444 3957 ’τὸν
456 3888 564 3978 ἕτερον
582 3888 674 3956 πόδα
695 3887 891 3977 προελθόνγ
914 3892 951 3955 τί
969 3885 1083 3972 βούλει
1107 3880 1257 3974 ἀποτρέ·

374 3988 384 4015 )
420 3999 435 4013 n

219 4016 328 4076 νωμαι
346 4017 451 4080 αυτῳς
