2740 4648
363 246 431 306 xx
456 214 718 335 εεΜοτιΜοέ
738 247 857 302 ει-εο.
1060 230 1128 298 317

101 414 104 419 .
144 368 230 429 ΛΥΚ.
248 350 253 379 ‘
270 351 314 422 Τὸ
330 358 439 421 τοίνυν
457 352 621 441 διακρῖναι
637 347 714 430 τοὺς
731 349 862 432 εἰδότας
878 350 935 418 καὶ
947 351 1128 439 διαγνῶναί

93 455 166 527 άπδ
188 461 256 525 τοῖν
276 452 336 523 σόκ
357 454 493 525 εἰδότων
513 454 582 539 μὲν,
606 452 800 543 φασκόντων
822 455 873 537 δὲ,
902 451 942 522 ού
959 477 1014 523 σοι
1035 454 1130 523 δοκεῖ

92 560 184 629 πάνυ
203 551 343 645 ἐργῶδες
360 553 462 640 τίνεις
537 623 545 637 ,

146 674 235 736 ΕΡΜ.
269 662 336 727 Καὶ
351 660 452 744 μάλα.

146 777 233 839 ΛΥΚ.
268 761 389 850 Δεήσει
404 765 513 831 τοίνυν
529 761 581 844 οδ,
606 759 638 831 εἰ
653 764 783 848 μέλλεις
798 766 953 830 Στωϊκῶν
973 757 1030 829 τδν
1051 755 1131 846 άρι·»

95 889 175 935 στον
192 864 362 945 ε’ίσεσθαι,
385 862 416 930 εί
431 864 488 932 καὶ
503 860 549 952 μή
567 861 625 932 έπλ
641 862 783 946 πάντας,
807 858 876 931 ἀλλ’
891 854 947 932 οὖν
969 860 1028 930 δπλ
1047 858 1126 941 τοὺς

96 971 273 1046 πλείστους
291 963 399 1035 αὐτῶν
421 964 533 1034 έλθεῖν
548 968 605 1035 καὶ
625 972 831 1055 πειραθῆναι
850 970 906 1035 καλ
927 963 984 1034 τὸν
1002 960 1124 1051 άμείνω

98 1056 361 1158 προστήσασθαι
387 1068 598 1151 διδάσκαλον,
629 1068 888 1156 γυμνασάμενόν.
902 1093 939 1157 γε
964 1068 1127 1158 πρότερον

98 1174 154 1240 καλ
169 1167 314 1261 κριτικήν
332 1175 398 1239 τῶν
419 1171 578 1239 τοιούτων
600 1171 738 1258 δύναμιν
758 1169 989 1260 πορισάμενον,
1014 1165 1060 1250 ὥς
1079 1169 1125 1257 μή

99 1298 137 1343 σε
154 1273 245 1362 λάθῃ
264 1268 283 1341 δ
298 1278 416 1362 χείρων
428 1278 635 1360 προκριθείς.
661 1276 716 1341 καλ
730 1263 772 1341 αό
785 1276 840 1340 καί
852 1270 939 1361 πρὸς
950 1277 1050 1340 τούτο
1063 1267 1128 1361 δρα

99 1370 187 1446 ὅσου
200 1376 252 1444 δεῖ
267 1381 326 1445 τοῦ
341 1374 469 1463 χρόνον,
489 1366 528 1445 οὗ
547 1373 628 1445 έκδιν
644 1383 779 1465 παρῆκα
795 1373 914 1455 δεδιὼς
929 1373 974 1464 μή
989 1372 1030 1444 σύ
1045 1371 1127 1462 άγα-

99 1478 271 1567 νακτήσῃς,
290 1483 400 1545 καίτοι
415 1477 455 1547 τό
472 1502 510 1564 γε
526 1480 679 1564 μέγιστόν
696 1503 733 1547 τε
750 1474 821 1558 ύμα
836 1480 893 1545 καὶ
909 1474 1127 1565 όναγκαιότα-

99 1605 158 1649 τον
175 1577 209 1650 έν
224 1592 295 1659 τοῖς
311 1579 487 1660 τοιούτοις,
505 1582 589 1667 λέγω
607 1581 733 1661 δδτοῖς
750 1578 885 1669 ἀδήλοις
896 1605 933 1671 τε
949 1582 1005 1648 καὶ
1022 1577 1128 1669 άμφι-
1181 1598 1185 1605 ’

8 1732 19 1755 ς
99 1681 227 1770 βόλοις,
255 1683 289 1750 ἓν
304 1680 516 1764 τοῦτό-ἔστιν,
537 1679 646 1767 οἶμαι·
671 1686 727 1749 καὶ
743 1683 825 1770 μόνῃ
848 1707 904 1751 σοι
919 1676 1006 1770 ἀὕτη
1023 1680 1127 1770 πιστή

99 1786 156 1855 καί
171 1789 307 1871 βέβαιος
324 1783 418 1864 έλπλς
435 1783 493 1853 έπλ
509 1781 567 1873 τήν
584 1781 747 1874 ἀλήθειάν
759 1809 796 1853 τε
808 1786 863 1851 καί
877 1780 1002 1871 εύρεσιν
1016 1780 1126 1874 αύτής,

66 1914 69 1922 ’
102 1885 184 1975 άλλη
203 1888 240 1955 δέ
257 1883 329 1956 οὐδ’
344 1883 478 1975 ἡτισοῦν
494 1885 516 1976 ἢ
532 1885 572 1956 τὸ
588 1892 707 1975 κρίνειν
725 1887 892 1955 δύνασθαι
908 1889 963 1954 καὶ
978 1886 1130 1974 χωρίζειν

102 1986 173 2057 άπὸ
189 1995 256 2057 τῶν
273 1985 410 2077 ἀληθῶν
425 1988 469 2057 τὰ
486 1991 594 2079 ψευδή
615 1986 775 2078 ύπάρχειν
795 2013 852 2059 σοι
868 1991 924 2056 καλ
944 1985 1030 2056 κατὰ
1050 1985 1129 2067 τοὺς

102 2089 393 2180 ἀργυρογνώμονας
410 2092 654 2180 διαγιγνώσκειν
672 2090 695 2160 δι’
711 2118 748 2162 τε
766 2093 887 2178 δόκιμα
898 2093 955 2160 καὶ
968 2087 1129 2179 ἇκίβδῃλα
1179 2182 1185 2186 .

100 2195 156 2262 καὶ
173 2193 196 2261 ἃ
213 2200 494 2281 παρακεκομμένα,
513 2197 569 2262 καὶ
587 2194 616 2263 εί
632 2200 692 2278 μέν
708 2220 792 2264 ποτε
808 2193 963 2284 τοιαύτην
977 2191 1053 2263 τινὰ
1071 2185 1129 2262 δύζ

101 2321 198 2382 ναμιν
215 2300 270 2364 καὶ
287 2302 397 2386 τέχνην
414 2298 638 2385 πορισάμενος
658 2294 729 2388 ᾔεις
746 2296 805 2365 ἐπὶ
824 2299 882 2387 τήν
900 2296 1046 2380 ἐξέτασιν
1063 2301 1128 2364 τῶν

102 2401 296 2488 λεγομένων·
324 2399 355 2467 εί
371 2400 408 2467 δέ
424 2399 484 2487 μή,
514 2391 549 2467 εὖ
571 2401 650 2469 ἰ’σθι
672 2398 718 2480 ὡς
740 2397 833 2469 οὐδέν
854 2401 995 2470 κωλύσει
1016 2424 1055 2469 σε
1070 2404 1131 2488 τῆς

102 2499 192 2592 ήινδς
210 2500 367 2571 ἕλκεσθαι
383 2497 440 2591 ὕφ’
454 2500 598 2570 ἑκάστων
615 2499 638 2592 ή
655 2505 772 2591 θαλλῷ
795 2504 1029 2591 προδειχθέντι
1051 2498 1130 2569 δικο-

102 2606 238 2672 λουθεῖν
256 2600 371 2690 ὥσπερ
387 2602 430 2673 τὰ
447 2603 615 2691 πρόβατα,
639 2606 762 2690 μᾶλλον
781 2605 817 2672 δὲ
833 2609 881 2692 τῷ
904 2603 1128 2692 ἐπιτραπεζίῳ

103 2701 201 2773 ύδατι
220 2705 336 2787 δοικώς
353 2705 421 2795 έσῃ,
442 2701 525 2795 ἐφ’ἱέ
541 2734 576 2775 τι
593 2704 633 2775 &v
649 2712 749 2795 μέρος
766 2705 883 2796 έλκύσῃ
902 2710 940 2775 σέ
955 2729 1020 2787 τις,
1040 2701 1129 2794 άκρῳ

103 2810 151 2896 τῷ
169 2809 317 2899 δακτύλῳ,
335 2807 502 2898 ἀγόμενος,
521 2805 543 2898 ή
555 2807 660 2898 καλνὴ
674 2815 740 2877 Δία
752 2809 888 2897 καλάμῳ
901 2811 967 2876 τινί
979 2803 1031 2876 ἐπ’
1042 2802 1129 2897 ύχθῃ

103 2918 347 3002 παραποταμίᾳ
363 2913 529 3003 πεφυκότι
545 2909 703 3000 καὶπρὸς
719 2918 787 2980 πᾶν
803 2909 844 2980 τδ
865 2916 966 2980 πνέον
980 2935 1131 2998 καμπτο-

103 3017 201 3098 μένῳ,
220 3011 280 3081 κάν
292 3040 392 3104 μικρα
400 3041 451 3095 τις
465 3009 550 3101 αύρα
564 3014 801 3105 διαφυσήσασα
810 3010 1060 3104 διασαλεύσῃ
1020 3012 1129 3083 αυτόν

88 3106 203 3191 ’ὦς”
169 3137 200 3179 ει
215 3118 254 3199 γέ
268 3140 342 3182 τινα
360 3113 470 3205 εύροις
486 3113 729 3199 διδάσκαλσνῇ
712 3144 750 3200 ος
768 3114 970 3199 ἀποδείξεως
982 3121 1063 3205 πέρι
1074 3118 1131 3182 καλ
1149 3134 1181 3185 69

103 3220 163 3303 τῆς
178 3221 244 3284 τῶν
263 3211 578 3340 άμφισβιγτοομένων
595 3222 789 3344 διακρίσεως
810 3226 921 3309 τέχνην
941 3245 1016 3286 τινα
1000 3215 1177 3297 είδδις

105 3317 251 3400 διδάξειέ
267 3342 319 3400 σε,
343 3319 457 3407 παύσῃ
475 3319 599 3409 δηλαδή
616 3322 795 3409 πράγματα
813 3321 907 3404 έχων
936 3317 1052 3387 αύτίκα
1067 3318 1130 3408 γάρ

105 3444 161 3490 σοι
177 3446 217 3489 το
202 3419 404 3509 βέλτιστον
421 3434 575 3512 φανεῖται
591 3425 648 3492 καλ
662 3418 808 3510 τάληθὲς
825 3418 1031 3505 ύπαχθέν
991 3447 1031 3512 τῃ
1045 3417 1132 3487 άπο·

105 3525 247 3616 δεικτική
264 3523 365 3614 ταύτῃ
382 3530 474 3615 τέχνῃ
492 3528 549 3594 καί
564 3522 603 3594 τδ
621 3525 747 3613 ψεῦδος
760 3521 1002 3613 ἐλεγχθήσεται,
1020 3525 1077 3591 καλ
1089 3520 1131 3591 σὺ
1203 3598 1206 3609 ,

104 3633 249 3712 βεβαίως
269 3626 422 3712 έλόμενος
441 3631 497 3699 καὶ
518 3634 629 3715 κρίνας
650 3626 891 3717 φιλοσοφήσεις
911 3628 966 3692 καὶ
983 3623 1042 3714 τήν
1061 3650 1132 3713 τρι-

105 3729 260 3818 πόθητον
269 3727 440 3815 εόδαιμονί
440 3731 688 3820 ωνκτῃσάμενος
694 3729 802 3818 βιάσῃ
811 3725 880 3813 μετ’
888 3724 988 3817 αὐτῆς
1001 3724 1134 3796 ἅπαντα

106 3831 325 3923 συλλήβδήν”
306 3860 386 3918 εχων
402 3831 547 3922 τάγαθά.

158 3950 245 4005 EPM
278 3927 328 4005 Εύ
345 3962 396 4025 γε,
415 3964 442 4004 ω
428 3928 595 4006 'Auum‘
616 3963 710 4027 παρα
693 3933 865 4005 Ὶ’πολύ
829 3959 891 4026 γαρ
894 3939 989 4003 ταύτ
985 3900 1131 4020 ’άμείνω

105 4039 163 4105 καὶ
182 4035 259 4104 έλπί
245 4036 368 4117 ίδος’
332 4064 370 4107 σο
387 4045 506 4131 μικρᾶς
523 4039 661 4126 ἐχόμενα
681 4042 797 4128 λέγεις,
819 4041 875 4107 καλ
898 4038 918 4122 ζ
915 4032 1112 4128 ῃτήτέσς,’
1085 4060 1131 4117 ως
