2740 4648
386 253 451 307 xx
475 252 734 308 εΡΜοΤΙΜοΣ
754 253 875 309 ει-εε.
1077 241 1141 309 325

120 381 216 449 μενης
233 353 331 425 αῦτόν
347 361 383 424 τί
397 362 501 425 ταῦτα
518 358 623 445 ληρεῖ,
645 356 869 444 καταγελάσας
887 354 1000 447 αύτῆς,
1019 356 1087 427 ἀλλ’
1103 355 1141 449 ἢν

119 460 173 531 τόν
190 463 289 549 λῆρον
305 464 430 540 τοῦτον,
451 458 529 548 ἐ’φη,
553 457 690 544 ἐκμάθω
709 456 866 547 ἀκριβῶς,
891 456 985 529 οῦδὲν
1002 463 1142 529 κωλύσει

118 589 159 651 με
174 563 277 649 μόνον
292 561 461 644 πλούσιον,
484 560 585 646 μόνον
600 564 742 648 βασιλέα
758 559 856 644 εἶναι,
879 561 957 643 τοὺς
978 559 1010 631 δ’
1023 561 1143 645 ἀλλους

119 664 313 755 ἀνδράποδα
329 666 386 732 καὶ
401 665 604 752 καθάρματα
615 666 813 749 νομίζεσθαι
825 661 871 746 ῶς
883 663 970 756 πρὸς
983 663 1050 750 ἰμέ.
1072 692 1143 734 τοι·
1159 686 1192 737 εε

118 774 202 838 αῦτα
218 774 277 836 τοῦ
295 763 414 858 ἀνδρὸς
431 766 597 849 εἰπόντος,
626 764 645 834 ό
670 767 858 857 φιλόσοφος
879 762 943 858 όρα
964 768 1038 837 οἵαν
1055 765 1144 837 ἀπό-

118 894 224 960 κρισιν
245 866 457 960 ἀπεκρίνατο,
486 860 718 958 ῶἙρμότιμε,
746 866 793 951 ῶς
817 870 1051 959 πρεσβυτικήν·
1079 870 1142 960 ἐ’φη

118 972 189 1064 γὰρ,
208 969 278 1041 ἀλλ’
289 971 323 1040 εἴ
335 997 373 1059 γε
388 970 434 1061 μὴ
452 973 527 1058 ίμοί
544 970 738 1061 ἐπλησίαζεν
751 963 857 1054 οὗτος,
877 971 936 1041 οῦκ
948 974 1012 1042 σ’ίει
1028 981 1143 1063 μακρῷ

14 1092 16 1099 ’
116 1081 215 1165 χείρω
233 1070 274 1143 ἀν
292 1070 391 1142 αῦτὸν
408 1074 624 1164 ἐξειργάσθαι
642 1072 663 1164 ἢ
679 1079 736 1143 καὶ
751 1074 789 1165 νὴ
803 1082 869 1146 Δία
880 1075 964 1157 ἴσως
974 1083 1021 1165 τῷ
1035 1077 1142 1165 δημίῳ

119 1177 393 1266 παραδεδόσθαι;
416 1173 463 1257 ῶς
478 1184 534 1246 νῦν
550 1203 587 1265 γε
601 1178 735 1262 χαλινόν
751 1204 825 1247 τινα
843 1176 1036 1265 ἐμβέβληκεν
1054 1177 1143 1268 αύτῷ

118 1276 139 1370 ἦ
156 1282 342 1371 φιλοσοφία
358 1282 414 1347 καί
430 1277 450 1368 ἡ
468 1278 555 1370 πρὸς
570 1282 692 1369 ταύτην
705 1280 817 1362 αἰδὼς,
835 1283 891 1349 καὶ
905 1282 961 1350 δια
973 1288 1072 1351 τοῦτο
1084 1308 1144 1368 με-

118 1383 294 1473 τριώτερός
317 1380 405 1451 ἔστιν
426 1380 503 1468 ύμῖν
524 1385 579 1451 καί
603 1383 748 1473 φορητὸς
770 1383 833 1452 ἔτι·
862 1390 956 1472 φέρει
981 1384 1044 1474 γάρ
1070 1411 1144 1453 τινα

119 1482 332 1610 αἰσχύνην
293 1492 396 1574 αυτῷ,
426 1485 456 1553 εἰ
478 1482 610 1567 ἀνάξιος
636 1494 790 1575 φαίνοιτο
815 1493 874 1554 τοῦ
902 1487 1068 1575 σχήματος
1088 1489 1145 1554 καὶ

120 1593 178 1656 τοῦ
196 1584 366 1672 ὀνόματος,
385 1614 407 1654 α
388 1585 464 1717 “δη
482 1591 802 1674 παρακολουθοῦντα
814 1586 1074 1695 παιδαγωγεῖ
1034 1589 1143 1658 αυτόν

120 1686 205 1760 ῶστε
223 1687 389 1770 δίκαιος”
366 1716 406 1757 αν
423 1691 500 1778 ε’ίην,
520 1689 551 1758 εἰ
566 1692 622 1757 καὶ
638 1717 683 1814 μη
700 1681 746 1758 ῶν
761 1694 880 1776 βελτίω
899 1668 1067 1815 ἀπέφηνα,
1089 1718 1146 1777 με·

120 1792 206 1862 σθόν
218 1790 297 1882 παρ’
310 1790 401 1875 ύμῶν
415 1794 536 1877 λαβεῖν,
556 1782 677 1859 ἀλλ’
638 1816 695 1859 ουν
709 1818 759 1859 εκε
762 1797 838 1860 ίνων
850 1818 886 1880 γε
900 1818 921 1859 α
934 1819 979 1880 μη
965 1791 1145 1882 δέδρακεν

117 1895 485 1984 αἰδούμενοςφιλοσοφί
485 1914 538 1962 αν·
558 1893 696 1963 έπεὶκαί
708 1895 744 1960 αἰ
755 1898 874 1963 τιτθαὶ
886 1896 1001 1962 τοιάδε
1014 1898 1145 1982 λέγουσι

13 2022 14 2025 ’
118 2000 197 2088 περί
213 2003 280 2065 τῶν
296 1998 450 2078 παιδίων,
471 1993 516 2077 ῶς
530 1993 667 2065 ἀπιτέον
681 1994 793 2077 αύτοῖς
807 1995 840 2078 ές
854 1998 1068 2066 διδασκάλου·
1085 1994 1145 2064 κάν

117 2098 179 2190 γάρ
196 2101 336 2189 μηδέπω
353 2105 477 2185 μαθεῖν
490 2097 620 2187 ἀγαθόν
633 2126 666 2167 τι
680 2101 848 2182 δύνωνται,
868 2097 936 2166 ἀλλ’
949 2090 1005 2167 οῦν
1019 2103 1146 2187 φαῦλον

119 2200 213 2273 οῦδὲν
234 2196 430 2290 ποιήσουσιν
452 2201 520 2269 ἐκεῖ
542 2207 702 2287 μένοντες.
740 2200 802 2290 ἐγὼ
828 2203 887 2288 μὲν
914 2193 971 2271 σύν
992 2200 1035 2270 τά
1062 2199 1145 2269 ἀλλα

118 2306 228 2374 πάντα
246 2302 443 2393 ἀποπλῆσαί
459 2307 518 2390 μόι
539 2306 640 2386 δοκῶ,
664 2308 725 2372 καί
741 2301 853 2374 όντινα
875 2301 915 2372 ἀν
938 2304 1057 2393 έθέλης
1078 2311 1144 2373 τῶν
1256 2360 1260 2375 .

119 2407 255 2479 εἰδότων
272 2406 315 2476 τὰ
331 2403 482 2496 ἡμέτερα,
501 2398 559 2495 ἧκέ
574 2432 634 2494 μοι
652 2407 699 2488 εἰς
717 2404 831 2497 αύριον
847 2406 1050 2496 παραλαβὼν
1065 2405 1146 2494 όψει

116 2537 156 2580 τε
173 2507 267 2592 ὅπως
285 2508 392 2600 έρωτᾷ
408 2513 463 2577 καί
481 2516 556 2590 πῶς
577 2508 790 2595 ἀποκρίνεται
811 2514 867 2578 καὶ
885 2506 949 2578 όσο
970 2512 1146 2596 μεμάθηκε

116 2616 175 2681 καὶ
192 2609 257 2682 ὅσα
272 2610 334 2702 ἤδη
353 2608 509 2699 ἀνέγνωκε
525 2615 640 2699 βιβλία
656 2615 734 2701 περὶ
752 2608 956 2697 ἀξιωμάτων,
976 2614 1055 2700 περὶ
1068 2614 1146 2678 συλ

117 2718 293 2802 λογισμῶν,
315 2718 395 2804 περὶ
411 2715 641 2803 καταλήψεως,
665 2718 743 2802 περὶ
765 2714 968 2802 καθήκοντος
988 2716 1043 2779 καὶ
1062 2711 1147 2779 ἀλλα

116 2820 266 2888 ποικίλα.
302 2818 332 2886 εἰ
350 2818 387 2886 δέ
403 2814 425 2906 ἢ
442 2815 500 2906 τὴν
515 2821 640 2905 μητέρα
658 2816 793 2885 ῦιυπτεν
814 2813 836 2904 ἢ
857 2820 1048 2904 παρθένους
1071 2839 1147 2883 σον-

116 2916 255 3010 η’ρπαζε,
266 2926 307 2987 τί
322 2927 428 2989 ταῦτα
444 2917 531 3007 πρὸς
548 2919 621 3004 ἀμίς
644 2915 681 2988 οῦ
699 2917 761 3008 γὰρ
779 2918 992 3007 παιδαγωγόν
1008 2945 1050 3003 με
1068 2916 1147 2986 έπε-

119 3022 261 3107 στήοατε
279 3020 378 3111 αύτῷ.
413 3028 553 3092 τοιαῦτα
573 3028 676 3111 γέρων
698 3019 880 3109 ἅνθρωπος
901 3018 984 3110 ὑπὲρ
1008 3024 1146 3110 φιλοσσ-
1164 3040 1198 3091 83

119 3127 203 3213 φίας
212 3122 311 3209 ἔλεγε.
337 3122 377 3190 σῦ
388 3126 423 3191 δὲ
432 3128 487 3192 καί
501 3122 599 3205 αύτὸς
612 3123 652 3193 ἀν
666 3131 776 3214 φαίης,
797 3115 824 3192 ῶ
837 3122 1017 3214 Ἑρμότιμε,
1038 3121 1146 3190 ἰκανὸν

119 3221 206 3294 εἶναι
223 3224 253 3292 εἰ
270 3223 328 3299 διὰ
344 3231 443 3292 τοῦτο
460 3229 730 3315 φιλοσοφοίημεν,
755 3225 801 3306 ῶς
817 3229 916 3315 μηδὲν
938 3233 1003 3293 τῶν
1021 3228 1148 3313 φαυλο-

117 3333 223 3418 τέρων
240 3327 451 3413 πράττοιμεν.
486 3323 576 3415 ἢίπ’
588 3324 703 3406 άλλαις
725 3328 854 3395 έλπίσιν
877 3327 913 3408 ἰξ
932 3325 1032 3415 ἀρχῆς
1050 3329 1147 3415 φιλο-

118 3443 240 3521 σοφεῖν
255 3427 418 3519 ἠξιοῦμεν,
438 3426 496 3512 οὐχ
513 3424 559 3509 ῶς
574 3436 640 3496 τῶν
652 3430 794 3498 ἰδιωτῶν
807 3429 1023 3517 κοσμιώτεροι
1037 3429 1146 3515 εἴημεν

117 3539 407 3622 περινοστοῦντες,
424 3537 458 3600 τί
475 3522 532 3600 οῦν
550 3528 608 3600 οῦκ
625 3529 784 3620 ἀποκρίνῃ
802 3533 857 3598 καὶ
873 3536 988 3614 τοῦτο,·

172 3652 259 3708 Em
296 3641 335 3704 Τί
347 3633 378 3702 δ’
390 3631 500 3723 άλλοῆ
515 3630 568 3703 ότι
578 3638 633 3703 καί
647 3636 807 3724 δακρῦσαι
820 3631 930 3721 ὀλίγου
946 3634 1027 3717 δέω,
1045 3631 1079 3713 δς
1090 3658 1147 3700 το-

121 3739 224 3806 σοῦτό
232 3765 296 3824 μου
305 3743 462 3806 καθίκετο
473 3733 490 3805 δ
500 3738 597 3826 λόγος
606 3734 734 3827 ἀληθὴς
743 3733 798 3820 ῶν,
811 3738 868 3804 καί
881 3733 1051 3826 ὀδύρομαι,
1067 3731 1145 3804 ὅσον

121 3835 274 3922 δάθλιος
284 3841 399 3931 χρόνον
412 3837 563 3909 ἀνάλωκα
571 3844 626 3908 καί
638 3845 777 3930 προσέτι
784 3836 930 3926 μισθούς
944 3834 1002 3906 οῦκ
1016 3833 1146 3925 δλίγοος

119 3946 226 4012 τελῶν
236 3941 307 4013 ἀντὶ
314 3952 379 4013 τῶν
387 3945 513 4013 πόνων·
530 3944 669 4034 νυυίγδιρ
680 3939 794 4031 ῶσπερ
807 3942 842 4011 ίκ
849 3947 958 4030 μέθης
971 3938 1144 4029 ἀνανήφων

122 4042 194 4137 δρῶ
207 4045 263 4116 οἶα
274 4053 332 4134 μέν
345 4047 432 4118 ἐστιν
445 4039 491 4116 ῶν
502 4042 598 4140 ἤρων,
619 4046 731 4117 ὁπόσα
744 4048 780 4119 δέ
793 4051 951 4117 πέπονθα
966 4040 1021 4113 διὰ
1029 4049 1144 4113 ταῦτα.
