2752 4632
469 207 536 263 xv.
559 204 718 265 ιιιεκε
739 202 858 270 εσ-εε.
1110 196 1176 266 215

142 310 361 402 κρατούμενον
378 310 453 401 ἰ’δης
468 304 528 379 κάν
541 315 678 394 πλείους
693 304 774 382 ὦσιν
788 312 824 383 αλ
835 318 995 401 μέλαιναι,
1016 310 1055 386 σά
1069 341 1176 407 προσ-

140 422 249 484 θεῖσα
263 412 324 502 τήν
341 420 463 501 σαυτῆς
485 415 572 497 σῶζέ
585 441 637 500 με.

195 534 278 613 tm,
305 513 398 585 Εἶεν·
425 513 520 604 ἡμεῖς
536 519 596 602 μὲν
612 515 689 604 ὑμῖν
709 521 766 585 καὶ
788 519 828 609 δή
845 520 1028 608 καθήμεθα
1047 521 1175 607 ἕτοιμοι
1192 541 1227 593 τε

142 619 274 689 ἀκούειν
291 625 357 686 τῶν
374 619 493 706 λόγων,
520 616 614 705 όμεῖς
633 622 670 688 δὲ
686 623 904 712 προελόμενοί
924 646 998 689 τινα
1016 622 1051 704 ἐξ
1067 621 1176 694 ἀπάν-

139 750 221 806 τιυν,
241 718 335 802 ὅστις
353 716 474 810 ἀριστα
490 723 723 812 κατηγορήσειν
742 726 844 806 δοκεῖ,
864 731 1026 814 συνείρετε
1042 724 1177 813 τήνκα-
1217 744 1220 755 ·

140 831 297 915 τηγορίαν
313 826 368 891 καὶ
387 825 580 912 διελέγχετε·
606 824 734 905 πάντας
754 825 816 915 γὰρ
836 822 906 912 ἅμα
927 829 1030 914 λέγειν
1049 824 1176 916 ἀμήχα·

141 954 208 998 νου.
245 924 284 996 σὺ
301 927 354 1008 δὲ,
374 916 402 992 τό
420 927 649 1015 Παρρησιάδη,
669 925 861 1017 ἀπολογήσῃ
879 928 918 997 τὸ
936 928 1020 1011 μετὰ
1036 937 1144 998 τοῦτο.

194 1042 304 1100 xm.
342 1034 398 1108 Τίς
411 1020 469 1096 σόν
481 1027 522 1097 ἀν
536 1029 799 1119 ἐπιτηδειότερος
808 1030 844 1112 ἐξ
855 1028 1081 1119 ήμῶνγόνοιτο
1091 1031 1176 1123 πρὸς

139 1130 201 1221 τήν
220 1133 311 1219 δίκην
330 1137 404 1213 σοῦ,
426 1122 454 1198 τό
471 1132 628 1217 Πλάτωνς
653 1128 676 1221 ή
692 1158 728 1200 τε
745 1132 807 1221 γάρ
824 1134 1022 1221 μεγαλόνοια
1040 1141 1177 1220 θαυμα-

141 1233 278 1322 στήκαλ
294 1229 315 1321 ή
333 1236 539 1322 καλλιφωνία
556 1232 800 1324 δεινῶςῖίττική
818 1234 928 1304 καὶτὸ
946 1242 1176 1326 κεχαρισμένον

141 1339 199 1407 καὶ
220 1342 366 1415 πειθοῦς
386 1335 506 1421 μεστὸν
528 1333 550 1424 ή
570 1363 606 1405 τε
629 1338 757 1418 σύνεσις
778 1341 834 1406 καλ
854 1332 893 1407 τὸ
916 1335 1047 1428 ἀκριβὲς
1063 1343 1119 1406 καὶ
1135 1338 1175 1409 τὸ

142 1437 318 1526 ἐπαγωγὸν
346 1437 378 1506 ἐν
404 1445 508 1528 καιρῷ
529 1446 595 1507 τῶν
618 1438 833 1524 ἀποδείξειεν,
860 1442 972 1509 πάντα
993 1442 1097 1509 ταῦτά
1121 1466 1177 1510 σοι

142 1540 261 1630 ἀθρόα
278 1540 472 1629 πρόσεστιν·
499 1537 585 1609 ὡότε
605 1541 664 1631 τήν
680 1549 883 1633 προηγορίαν
901 1546 996 1627 δέχου
1018 1547 1074 1611 καὶ
1090 1541 1175 1633 ὑπὲρ

140 1642 301 1715 ἁπάντων
319 1643 394 1712 εἰπὲ
410 1642 454 1710 τ’δι
471 1644 594 1712 εἰκότα.
628 1651 684 1712 νῦν
703 1643 933 1734 ἀναμνήσθητι
947 1646 1080 1717 πάντων
1094 1645 1177 1713 ἀκεό-

142 1773 207 1816 νιυν
224 1750 281 1812 καλ
299 1745 464 1835 συμφόρει
482 1744 516 1825 ἒς
532 1745 571 1813 τὸ
591 1742 686 1828 αότδ,
715 1747 749 1815 εἴ
761 1752 796 1814 τί
817 1772 873 1815 σοι
893 1747 979 1836 πρὸς
995 1754 1137 1839 Γοργίαν
1160 1738 1183 1830 ,δ’

142 1853 261 1918 Πῶλον
283 1845 304 1937 ή
323 1846 455 1916 Ἱππίαν
475 1846 497 1937 ή
518 1850 681 1935 Πρόδικον
703 1850 844 1938 εἴρηται·
871 1852 1053 1937 δεινότερος
1080 1842 1177 1931 οὗτός

144 1951 245 2021 ἐστιν.
290 1950 454 2019 ἐπίπαττε
481 1942 537 2018 οὖν
563 1954 619 2018 καί
644 1958 702 2040 τῆς
728 1953 895 2037 εἰρωνείας
920 1951 1039 2020 καὶτὰ
1059 1951 1176 2039 κομψά

143 2053 251 2122 ἐκεῖνα
268 2056 323 2121 καλ
340 2060 456 2141 συνεχῆ
474 2051 595 2139 ἐρώτα,
613 2051 674 2121 κάν
692 2078 747 2121 σοι
765 2056 857 2144 δοκῇ,
877 2051 1006 2121 κάκεῖνό
1023 2079 1090 2121 που
1108 2079 1177 2121 πα-

142 2157 303 2245 ράβυσον,
324 2152 368 2234 ιδς
387 2153 405 2222 ό
423 2161 524 2243 μέγας
542 2154 575 2222 έν
593 2153 720 2245 οὐρανῷ
733 2156 815 2236 Ζεὺς
831 2156 954 2246 πτηνόν
973 2152 1062 2243 άρμα
1080 2155 1177 2223 έλαύ-

143 2285 208 2329 νυιν
226 2256 477 2346 ἀγανακτήσειεν
495 2254 548 2340 ἀν,
569 2257 599 2325 ελ
615 2257 659 2347 μή
680 2250 775 2339 οὗτος
791 2257 936 2343 ὑπόσχοι
952 2258 1009 2348 τήν
1028 2261 1127 2348 δίκην.

196 2377 306 2432 ΠΛΑΤ.
341 2361 523 2448 Μηδαμῶς,
552 2357 636 2427 ἀλλά
656 2387 730 2429 τινα
751 2368 817 2428 τῶν
838 2364 1070 2452 σφοδροτέρων
1091 2385 1177 2450 προ-
1193 2381 1229 2432 κε

140 2464 387 2553 χαρισώμεθα,
415 2466 570 2549 Διογένην
586 2469 703 2531 τοῦτον
725 2460 965 2552 ήιῖίντισδίνην
981 2460 1003 2551 ή
1020 2465 1177 2553 Κράτητα

142 2564 165 2654 ἢ
183 2569 237 2637 καὶ
255 2567 306 2646 ολ,
326 2556 562 2654 ὦΧρόσιππε·
585 2562 624 2632 οὗ
641 2563 704 2654 γὰρ
723 2564 762 2653 δὴ
775 2566 914 2646 κάλλους
928 2566 961 2632 ἕν
973 2572 1020 2653 τῷ
1034 2566 1178 2650 παρόντι

143 2671 200 2736 καλ
218 2669 403 2756 δεινότητος
420 2674 642 2759 συγγραφικῆς
660 2664 818 2757 δκαιρὸς,
838 2665 923 2734 ἀλλά
935 2692 1024 2746 τινος
1037 2666 1177 2753 ἐλεγκτι-
1258 2723 1266 2746 ,,

143 2777 201 2860 κής
218 2774 274 2838 καλ
293 2772 457 2859 δικανικῆς
475 2778 698 2859 παρασκευῆς·
727 2769 833 2860 ῥήτωρ
853 2770 888 2837 δὲ
907 2767 925 2837 ὃ
943 2769 1177 2859 Παρρησιάδης

142 2872 242 2945 ἐστί.

196 2990 293 3046 ΔΙΟΓ.
321 2971 399 3044 Ἀλλ’
417 2973 480 3062 ἐγὼ
494 2972 596 3044 αάτοῦ
609 2976 836 3064 κατηγορήσω·
853 2974 982 3064 καὶγὰρ
999 2971 1075 3043 οάδλ
1087 2974 1177 3042 πάνυ

141 3083 277 3162 μακρῶν
299 3074 395 3161 οἶμαι
415 3084 481 3145 τῶν
503 3079 611 3166 λόγων
632 3080 779 3147 δεῖσθαι.
823 3082 878 3146 καί
901 3075 1008 3158 άλλως
1031 3079 1067 3146 δὲ
1092 3074 1176 3166 ὖπδρ

141 3174 296 3258 ἅπαντας
312 3176 474 3269 ὕβρισμαι
492 3177 545 3246 δύ’
562 3178 688 3266 ὀβολῶν
705 3183 823 3270 πρῴην
839 3178 1148 3268 ἀποκεκηρυγμένος.

196 3297 305 3353 ΠΛΑΤ.
337 3278 543 3368 ὉΛιογίνης,
564 3273 803 3370 ὦΦιλοσοφίοι,
824 3281 892 3371 ἐρεῖ
907 3281 1072 3370 τὸνλόγον
1090 3280 1175 3367 ὑπὲρ

141 3380 312 3455 ἁπάντων.
346 3389 493 3470 μέμνησο
512 3384 563 3463 δὲ,
588 3374 615 3449 ὦ
632 3396 770 3469 γενναῖε,
795 3381 839 3470 μή
857 3382 899 3450 τὰ
917 3390 1057 3451 σεαυτοῦ
1074 3383 1177 3467 μόνον

143 3487 338 3572 πρεσβεύειν
357 3484 390 3554 ἓν
406 3492 446 3574 τῇ
464 3491 655 3574 κατηγορίᾳ,
673 3483 715 3552 τὰ
732 3483 826 3553 κοινὰ
844 3486 880 3551 δὲ
898 3482 992 3570 δρᾶν·
1015 3485 1045 3551 εἰ
1061 3485 1124 3574 γάρ
1140 3511 1176 3553 τε

141 3591 199 3655 καλ
221 3586 308 3675 πρὸς
330 3584 489 3676 ἀλλήλους
512 3588 745 3677 διαφερόμεθα
767 3585 800 3656 ἐν
820 3599 893 3667 τοῖς
913 3588 1039 3673 λόγοις,
1070 3586 1111 3654 οδ
1139 3588 1176 3654 δὲ

144 3697 243 3761 τοῦτο
269 3692 328 3776 μὲν
349 3688 394 3778 μή
421 3688 561 3771 ἐξέταζε,
589 3688 667 3777 μηδ’
688 3685 781 3768 όστις
802 3688 889 3756 ἐστὶν
912 3685 930 3756 ό
954 3687 1175 3777 ἀληθέστερος

144 3799 202 3861 νῦν
219 3788 305 3881 λέγε,
326 3790 411 3874 όλιος
429 3794 465 3861 δὲ
482 3789 567 3879 ὑπὲρ
585 3796 789 3881 φιλοσοφίας
805 3788 906 3879 αάτής
923 3788 1096 3878 ἀγανάκτει
1113 3818 1176 3860 πε-

143 3901 377 3985 ριυβρισμένης
393 3898 449 3963 καλ
466 3901 573 3974 κακῶς
594 3891 777 3980 ἀκουούσης
799 3893 832 3961 δν
852 3907 923 3974 τοῖς
940 3895 1172 3984 Παρρησιάδου

145 3998 273 4084 λόγοις,
291 4001 347 4066 καὶ
363 3997 424 4079 τὰς
440 4002 650 4087 προαιρέσεις
668 3992 779 4084 ἀφείς,
804 3994 837 4064 ἀυ
855 3995 909 4078 αἷς
927 3997 1170 4083 διαλλάττομεν,
