2752 4632
233 255 298 322 194
489 282 493 287 ’
621 265 879 322 ΔΟΥΚΙΑΝΟΥ
972 288 976 293 ·

194 404 198 411 ’
281 389 368 449 ΕΡΜ.
396 371 526 462 Ἔγωγε.

219 500 226 511 ·
282 492 340 549 ΩΝ.
373 473 460 547 Εἶτα
478 472 515 544 ού
535 475 645 555 δέδιας
661 474 707 563 μή
726 497 782 543 σοι
799 473 973 563 δικάσηται
991 469 1265 563 ἀνδραποδισμοῦ

229 577 253 672 ἢ
268 584 325 649 καὶ
342 581 608 670 προσκαλέσηταέ
625 602 662 647 σε
681 577 729 658 εἰς
741 573 863 665 Ἄρειον
879 575 1005 664 πάμον,·

281 698 369 757 NPM.
407 678 505 751 Ούδέν
519 678 609 770 αύτῷ
620 683 713 767 μέλει
725 685 783 768 τῆς
795 679 966 769 πράσεως·
984 678 1092 748 οἰέται
1102 676 1164 769 μὰρ
1179 676 1266 749 εἶναι

229 784 445 856 παντάπασιν
465 784 651 872 έλεύθερος.

283 904 341 959 ΩΝ.
378 893 417 955 Τί
438 882 470 955 δ’
492 881 532 954 ἀν
556 910 608 967 τις
635 882 725 974 αύτῷ
747 885 906 974 χρήσαιτο
929 884 1077 975 ῥυπῶντι
1097 886 1153 952 καὶ
1175 880 1265 953 οὕτω

229 990 477 1075 κακοδαιμόνως
499 990 709 1077 διακειμένης
734 986 819 1078 πλην
841 985 937 1076 εἰμὴ
959 991 1129 1056 σκαπανέα
1149 1011 1186 1075 με
1207 991 1266 1057 καὶ

230 1090 419 1185 ύδρσφόρον
437 1088 535 1159 αὐτὸν
553 1087 776 1159 ἀποδεικτέον.
1144 1154 1148 1157 ,

281 1211 369 1268 ΕΡΜ.
411 1190 455 1263 Ού
482 1194 595 1280 μόνον,
628 1190 712 1260 ἀλλά
737 1195 793 1261 καὶ
818 1188 857 1282 ἢν
882 1191 1037 1282 θυρωρὸν
1064 1190 1162 1262 αύτδν
1189 1192 1267 1262 ἀπι-

231 1299 366 1386 στήσῃς,
384 1295 471 1366 πολύ
490 1300 676 1386 πιστοτέρῳ
691 1296 797 1387 χρήσῃ
814 1302 880 1365 τῶν
897 1302 1010 1365 κονιῦν.
1046 1293 1160 1382 ἀμέλει
1177 1297 1266 1365 κύων

231 1397 320 1488 αύτῷ
338 1403 393 1467 καὶ
410 1395 565 1485 τούνομα.

282 1519 339 1574 ΩΝ.
382 1500 543 1583 Ποδαπδς
569 1503 606 1569 δέ
631 1498 703 1570 έστι
727 1503 784 1568 καὶ
808 1505 881 1569 τλνα
908 1498 967 1590 τὴν
993 1499 1137 1591 άσκησιν
1161 1500 1265 1590 ἀπαμ-

229 1609 395 1692 μέλλεταη

280 1722 370 1779 ΕΡΜ.
403 1703 512 1778 Αάτδν
530 1704 622 1796 έρού·
643 1706 776 1774 κάλλιον
793 1704 860 1795 γὰρ
874 1700 960 1774 σύτω
979 1719 1099 1775 ποιεῖν.

281 1825 339 1880 ΩΝ.
375 1811 479 1879 Δέδια
495 1807 535 1878 τὸ
557 1807 761 1899 σκυθρωπὸν
779 1805 880 1875 αύτού
897 1811 953 1875 καὶ
973 1810 1130 1899 κατηφὲς,
1158 1809 1203 1898 μή
1220 1835 1266 1894 με

228 1908 392 2004 δλακτησῃ
410 1913 644 2000 προσελθόντα
661 1908 683 2000 ἢ
699 1913 755 1979 καὶ
775 1910 813 1999 νὴ
832 1917 898 1980 Δία
920 1912 1001 2001 δάκῃ
1023 1938 1068 1999 με.
1106 1909 1166 1997 σύχἸ
1182 1909 1266 2003 δρᾷς
1369 1986 1370 1995 ¹

229 2012 276 2096 ὡς
294 2016 424 2106 διῆρται
440 2013 479 2084 τὸ
498 2016 593 2097 ξύλον
609 2017 665 2082 καὶ
683 2018 866 2082 συνέσπακε
886 2012 947 2095 τὰς
965 2012 1071 2105 ἀφρός
1091 2019 1147 2084 καὶ
1165 2012 1269 2085 ἀπει-
1369 2030 1370 2095 ξ

228 2118 358 2207 λητικόν
376 2121 482 2186 τεκαὶ
497 2118 641 2200 χολῶδες
657 2112 841 2202 ἀποβλέπει
847 2147 859 2200 ,·

279 2235 366 2292 ΕΡΜ.
400 2218 454 2309 Μὴ
474 2219 600 2287 δέδιθι·
621 2217 766 2299 τιθασὸς
783 2220 845 2309 γάρ
864 2219 944 2289 ἐστι.

280 2337 338 2392 ΩΝ.
376 2318 420 2391 Τὸ
437 2328 583 2411 πρῶτον,
604 2312 631 2388 ὦ
647 2326 812 2408 βέλτιστε,
830 2320 987 2404 ποδαπὸς
1004 2317 1051 2407 εἷς

280 2438 479 2494 ΔΙΟΓΕΝΗΣ.
514 2425 745 2505 Παντοδαπός.

281 2540 339 2596 ΩΝ.
374 2533 453 2606 Πιῦς
470 2529 591 2614 λέγεις,·

279 2636 377 2699 ΔΙΟΓ.
424 2636 487 2696 Tor}
505 2630 631 2715 κόσμου
650 2632 787 2720 πολίτην
805 2626 895 2721 δρᾷς.

181 2772 184 2777 ’
280 2746 338 2801 ΩΝ.
372 2734 492 2820 Ζηλσῖς
510 2732 546 2799 δὲ
563 2737 653 2815 τίνας

278 2848 376 2902 ΔΙΟΓ.
419 2832 480 2901 Τὸν
494 2831 660 2922 Ἡρακλέα.

279 2949 336 3004 ΩΝ.
375 2940 415 3002 Τί
432 2926 487 3003 οάν
505 2933 577 3020 οόχὶ
590 2938 646 3003 καὶ
658 2938 789 3025 λεοντῆν
802 2932 950 3025 ἀμπέχῃ·
965 2934 1004 3005 τὸ
1017 2936 1076 3021 μέν
1088 2935 1150 3029 γάρ
1165 2939 1265 3021 ξύλον

177 3034 181 3043 ’
228 3034 337 3115 ἔοικας
356 3034 457 3125 αύτῷ.

279 3154 376 3209 ΔΙΟΓ.
419 3145 517 3207 Τοοτέ
532 3140 592 3225 μοι
608 3141 735 3229 λεοντῆ,
761 3137 800 3209 τὸ
819 3141 1002 3229 τριβώνιον.
1039 3136 1263 3233 στρατεύομαι

228 3241 264 3308 δέ
291 3237 404 3331 ὥσπερ
432 3240 552 3322 ἐκεῖνος
578 3240 636 3310 ἐπὶ
661 3241 722 3325 τάς
746 3240 878 3334 ἡδονὰς,
908 3242 946 3312 σά
973 3244 1158 3329 κελευστός,
1188 3242 1260 3314 ἀλλ’

227 3341 389 3426 ἑκούσιος,
410 3343 592 3435 ἐκκαθᾶραι
609 3343 666 3413 τὸν
682 3352 756 3432 βίον
773 3347 1044 3437 προαιρούμενος.

278 3462 335 3517 ΩΝ.
369 3437 419 3514 Εύ
435 3473 472 3535 γε
489 3453 547 3535 τῆς
564 3454 800 3538 προαιρέσεως.
828 3445 911 3517 ἀλλά
928 3453 964 3518 τί
978 3449 1124 3534 μάλιστα
1137 3450 1262 3521 εἰδέναι
1364 3474 1365 3477 ’

227 3573 265 3617 σε
283 3554 415 3638 φιδμενς
436 3546 457 3637 ἢ
474 3555 547 3618 τίνα
564 3548 622 3639 τὴν
638 3557 749 3640 τέχνην
766 3549 865 3635 έχοιςς

277 3666 375 3721 ΔΙΟΓ.
412 3649 654 3742 Ἑλευθερωτής
675 3654 744 3738 εἶμι
765 3660 830 3722 τῶν
853 3650 1118 3746 ἀνθρώπωνκαὶ
1146 3653 1263 3746 ἰατρὸς

224 3758 291 3819 τῶν
308 3758 449 3821 παθῶν·
471 3753 510 3822 τὸ
529 3752 560 3824 δ’
573 3751 649 3824 όλον
667 3754 829 3845 ἀληθείας
845 3758 901 3825 καλ
918 3763 1107 3848 παρρησίας
1124 3757 1262 3848 προφή-

225 3880 284 3943 της
302 3852 335 3923 εἷ
333 3882 386 3924 ναι
404 3857 577 3944 βούλομαι.

192 3975 208 4025 9
277 3973 334 4028 ΩΝ.
368 3951 418 4027 Εὖ
435 3984 485 4046 με,
515 3952 542 4026 ὦ
560 3985 731 4052 προφητα,
758 3988 797 4052 ην
820 3961 936 4031 δέ
872 3984 919 4053 πρ
922 3964 1027 4049 λωμαλ
1046 3984 1098 4089 σε,
1124 3964 1199 4029 τίνα
1215 3985 1261 4049 με

224 4056 282 4127 τὸν
299 4062 424 4147 τρόπον
443 4063 647 4151 διασκήσεις,·

1367 2158 1370 2293 λ

1237 2434 1242 2443 ’
