2722 4646
468 285 797 345 μοιμυᾶτε-ιε.
1103 266 1145 346 39

100 394 143 465 ’ἐν
158 405 236 475 ταῖς
253 382 377 461 πόλεσι
388 388 427 460 τὸ
441 397 509 460 πᾶν
523 389 718 477 ἐπεχόντων,
738 378 818 484 ῥᾷον
836 393 870 476 ἐς
885 393 964 476 τούς
975 396 1146 479 τοιούτους

108 497 270 585 ἐμπίπτω
288 492 429 584 περιιών
446 498 502 562 καὶ
519 496 739 593 σαγηηεύομαι
756 494 842 586 πρὸς
860 495 977 566 αύτών.

158 606 249 663 ΕΡΜ.
284 594 371 665 Είτα
387 603 476 680 πώς,
505 596 640 666 ἐπειδὰν
657 601 841 689 καταλίπῃς
859 597 993 684 αύτούς,
1022 603 1145 693 ῥᾳδίως

103 701 246 794 φεύγεις
265 697 323 767 ούκ
339 698 439 779 εἰδώς
455 697 513 787 τὴν
530 697 626 785 δδόν,·
1177 768 1185 779 ,

159 810 302 866 mors.
341 800 524 889 Ὀξυδερκὴς
544 804 620 871 τότε
642 829 717 883 πως
738 807 794 872 καὶ
816 800 976 892 ἀρτίπους
992 794 1146 894 γίγνομαέ

105 903 199 997 πρὸς
215 904 317 990 μόνον
334 903 392 973 τὸν
407 904 522 994 καιρὸν
539 912 598 994 τῆς
615 913 731 995 φυγῆς.

159 1015 251 1072 Em
287 1002 357 1075 Ἔτι
375 1007 414 1095 δή
431 1034 492 1092 μοι
508 1011 564 1075 καὶ
584 1015 682 1076 τοῦτο
707 1006 897 1098 ἀπόκριναι,
925 1017 1000 1092 πώς
1020 1010 1145 1101 τυφλὸς
1162 1019 1196 1069 26

105 1107 170 1193 (δν,
197 1108 366 1198 εἰρήσεται
381 1108 457 1198 γὰρ,
476 1113 533 1178 καὶ
549 1118 690 1198 προσέτι
708 1109 813 1202 ώχρδς
830 1117 885 1180 καὶ
901 1113 1004 1200 βαρύς
1022 1113 1057 1181 ἐκ
1071 1122 1145 1184 ’τοῖν

104 1216 242 1283 σκελοῖν
254 1213 433 1293 τοσούτους
444 1212 584 1300 ἐραστὰς
594 1214 685 1298 έχεις,
702 1202 787 1283 ώστε
800 1218 928 1295 πάντας
942 1214 1146 1302 ἀποβλέπειν

106 1315 144 1398 ἐς
161 1317 216 1397 σέ,
240 1317 296 1383 καλ
312 1316 469 1399 τυχόντας
485 1317 544 1401 μὲν
562 1314 766 1403 εὐδαιμονεῖν
785 1319 935 1401 οἴεσθαι,
957 1319 986 1386 εἰ
1004 1321 1040 1387 δέ
1058 1318 1146 1387 ἀπο-

104 1419 252 1504 τύχοιεν,
273 1415 333 1486 ούκ
350 1415 529 1502 ἀνέχεσθαι
547 1420 685 1504 ζώνταςς
704 1418 780 1489 οίδοι
796 1428 874 1508 γοῦν
890 1448 982 1502 τινας
1000 1418 1057 1490 ούκ
1075 1420 1146 1490 ἀλί-

105 1547 189 1611 γους
207 1517 317 1589 αύτών
335 1517 421 1590 ούτω
440 1547 500 1590 σου
520 1524 708 1610 δυσέρωτας
725 1520 835 1605 ὄντας,
856 1520 943 1592 ώστε
960 1529 1016 1592 καὶ
1034 1524 1067 1605 ἐς
1083 1528 1146 1610 βα-

103 1624 259 1712 θυκήτεα
289 1623 413 1692 πόντον
438 1630 594 1714 φέροντες
619 1625 759 1716 ἔρριψαν
789 1624 909 1707 αύτούς
933 1631 988 1695 καὶ
1015 1634 1145 1717 πετρών

104 1725 179 1794 κατ’
195 1724 362 1814 ἠλιβάτων
379 1724 615 1815 ύπερορᾶσθαι
635 1729 820 1814 νομίζοντες
837 1727 904 1797 ὑπὸ
925 1736 999 1811 οοᾶ,
1028 1726 1144 1817 ότιπερ

12 1892 15 1925 j
106 1826 192 1898 ούδδ
206 1828 265 1918 τὴν
283 1825 383 1917 ἀρχὴν
400 1829 512 1917 ἐώρας
535 1827 663 1912 αύτούς.
699 1830 785 1915 πλὴν
807 1830 892 1899 ἀλλὰ
912 1835 969 1898 καὶ
991 1831 1031 1900 σὺ
1050 1824 1145 1900 ἀνεύ

12 1932 14 1939 ’
110 1927 260 1999 οίδαύτι
279 1928 529 2021 ὁμολογήσειας,
549 1934 583 2001 εί
597 1961 630 2001 τι
648 1940 759 2021 συνίης
772 1940 910 2015 σαυτοῦ,
930 1941 1145 2020 κορυβαντιᾶν

105 2031 232 2113 «αύτούς
250 2033 402 2122 ἐρωμένῳ
420 2037 561 2125 τοιούτῳ
581 2036 834 2124 ἐπιμεμηνότας.

160 2145 299 2200 ΠΔΟῙἜ
341 2139 411 2207 θ’ίει
427 2136 489 2226 γὰρ
507 2147 658 2208 τοιοῦτον
676 2138 748 2219 οίός
766 2139 834 2224 εἰμι
853 2134 1003 2227 δρᾶσθαι
1020 2134 1142 2221 αύτοῒς,
1163 2144 1196 2193 27

104 2241 218 2327 χωλὸν
234 2238 259 2329 ἢ
273 2239 437 2333 τυφλδνῆ
456 2239 520 2310 όσα
539 2240 623 2309 ἀλλα
639 2268 698 2327 μοι
715 2243 912 2331 πρόσεστιν,·

160 2352 248 2411 ΕΡΜ
281 2344 376 2414 Άλλά
392 2352 481 2427 πῶς,
510 2336 538 2411 ώ
555 2349 695 2427 Πλοῦτε,
722 2346 754 2413 εἰ
770 2342 815 2433 μὴ
837 2346 959 2433 τυφλοὶ
975 2346 1030 2410 καλ
1049 2338 1145 2410 αύτολ

108 2447 234 2526 πάντες
252 2448 351 2531 εἰσίν,·

160 2556 299 2611 ΠΛΟΥΤ.
345 2546 388 2619 Ού
410 2552 545 2638 τυφλοὶ,
575 2540 753 2636 ώάριστε,
783 2545 889 2636 άλλη
914 2544 1030 2634 ἀγνοια
1051 2543 1144 2635 καὶῆ

104 2648 238 2737 ἀπάτη,
267 2651 366 2740 αίπερ
393 2659 448 2720 νῦν
473 2656 647 2734 κατέχουσι
672 2650 714 2717 τᾶ
741 2651 863 2731 πάντα,
897 2649 1145 2729 ἐπισκιάζουσιν

106 2751 244 2833 αύτούς·
272 2753 322 2822 έτι
344 2756 456 2822 δὲκαὶ
479 2751 590 2834 αὐτὸς,
623 2749 669 2832 ιδς
689 2751 734 2840 μὴ
757 2756 970 2821 παντάπασιν
993 2747 1145 2839 ἀμορφος

105 2859 193 2945 ε’ίην,
226 2858 442 2944 προσωπεῖόν
467 2882 501 2924 τι
527 2855 775 2944 ἐρασμιώτατον
801 2859 1036 2943 περιθέμενος,
1070 2854 1145 2921 διά-

104 2982 229 3044 χρυσον
250 2962 305 3025 καλ
328 2961 577 3047 λιθοκόλλητον,
605 2960 661 3026 καὶ
682 2961 819 3026 ποικίλα
845 2955 938 3036 ἐνδύς
964 2955 1143 3043 ἐντυγχάνω

107 3059 240 3141 αὐτοῖς·
269 3061 302 3128 οί
329 3063 364 3129 δέ
387 3058 653 3150 αὐτοπρόσωπον
681 3062 827 3146 οἰόμενοι
854 3059 934 3149 δρᾶν
960 3059 999 3127 τὸ
1025 3061 1145 3139 κάλλος

105 3163 214 3251 ἐρῶσι
231 3166 287 3230 καὶ
305 3160 509 3232 ἀπόλλυνται
525 3163 570 3257 μη
588 3165 806 3250 τυγχάνοντες.
852 3160 898 3243 ιδς
916 3163 949 3229 εί
961 3167 1001 3249 γέ
1016 3188 1068 3242 τις
1086 3158 1145 3229 αύὴ

39 3247 44 3267 ’
106 3280 181 3347 τοῖς
205 3262 281 3334 δλον
304 3264 548 3355 ἀπογυμνώσας
570 3266 717 3349 ἐπέδειξέ
737 3291 792 3352 με,
830 3267 927 3354 δῆλον
950 3262 996 3344 ώς
1017 3268 1146 3348 κατεγί-

106 3393 254 3458 γνωσκον
281 3366 321 3435 ἀν
347 3367 456 3437 αύτών
487 3368 755 3455 ἀμβλυώττοντες
785 3369 872 3459 πρὸς
897 3366 940 3434 τδι
965 3368 1144 3453 τηλικαῦτα

107 3474 165 3539 καὶ
184 3469 320 3560 ἐρῶντες
339 3467 525 3560 ἀνεράστων
542 3475 598 3539 καί
616 3471 777 3561 ἀμόρφων
795 3472 1008 3561 πραγμάτων.

161 3580 249 3637 EPM
298 3580 337 3643 Τί
355 3565 412 3641 σύν
430 3569 484 3641 ότι
500 3577 556 3641 καλ
574 3573 607 3642 ἐν
626 3571 714 3662 αύτῷ
734 3570 794 3661 ἤδη
813 3580 860 3660 τῷ
879 3574 1034 3639 πλουτεῖν
1051 3567 1143 3655 γενό-
1160 3589 1193 3640 28

107 3701 203 3763 μενοι
223 3679 281 3744 καὶ
301 3675 341 3744 τὸ
363 3689 577 3765 προσωπεῖον
600 3673 695 3745 αύτολ
711 3680 927 3763 περιθέμενοι
951 3672 1000 3741 έτι
1018 3671 1143 3754 ἐξαπα-

104 3785 245 3862 τώνται,
272 3782 329 3847 καὶ
354 3776 393 3868 ἥν
417 3804 469 3859 τις
495 3774 679 3868 ἀφαιρῆται
705 3774 837 3858 αύτούς,
871 3781 998 3843 θᾶττον
1020 3772 1059 3842 ἀν
1084 3771 1142 3863 τὴν

106 3880 254 3971 κεφαλὴν
271 3878 293 3972 ἢ
309 3879 348 3950 τὸ
366 3893 580 3971 προσωπεῖον
597 3881 755 3966 πρόοιντο
760 3910 773 3964 ,·
799 3875 837 3946 ού
855 3877 918 3967 γὰρ
937 3876 976 3966 δὴ
994 3880 1049 3945 καλ
1065 3877 1142 3946 τότε

107 3982 240 4071 ἀγνοεῖν
267 3982 354 4065 εέκδς
380 3982 499 4067 αύτούς
525 3980 571 4065 ώς
597 3981 786 4074 ἐπίχριστος
806 3979 827 4073 ἡ
851 3979 1015 4073 εὐμορφία
1042 3979 1139 4062 ἐστὶν,

108 4084 249 4156 ἔνδοθεν
266 4085 309 4156 τά
326 4088 436 4157 πάντα
454 4083 609 4179 δρῶντας,
649 4122 652 4131 ν

1341 3796 1343 3857 λ
