2752 4632
219 208 284 279 248
608 216 864 295 Δουτιικατ

220 327 393 413 διδόμενα·
420 321 496 414 εάχή
514 322 576 413 γὰρ
599 320 639 392 ἀν
657 323 789 392 ἐοικότα
807 323 861 412 ἐ’ίη
875 323 979 391 ταύτό
1001 349 1052 410 γε,
1079 319 1129 412 μή
1143 321 1248 412 πονή-

221 454 324 499 σαντα
341 429 423 516 μηδὲ
440 427 586 512 καμόντα
603 426 733 511 ἕτοιμον
751 423 904 515 ἀργύριον
921 428 1042 512 λαβεῖν.
1065 425 1104 492 τδ
1123 426 1160 493 δέ’
1177 425 1250 493 ἔστι

221 535 278 603 καὶ
294 535 437 623 ῥηθῆναι
453 526 522 597 κατ’
539 525 633 617 ἀξίαν
655 526 830 597 ἀδύνατον·
855 535 1002 597 τοσαῦτα
1023 516 1085 614 γάρ
1108 534 1251 594 πονοῦσι

221 637 279 703 καὶ
293 634 471 717 κάμνουσιν
489 631 523 699 ἐν
539 644 613 712 ταῖς
630 637 819 710 συνουσίαις
837 626 923 709 ὥστε
934 632 1088 709 πλείονος
1102 627 1251 697 ἒνταύθα
1276 659 1280 666 ’

221 738 278 804 καὶ
295 734 353 803 ἀπὶ
366 741 471 807 τοῦτο
484 733 630 819 μάλιστα
647 741 706 822 τής
727 730 853 821 δ’γιείας
874 734 1024 814 δεῖσθαι,
1051 736 1176 818 μυρίων
1194 727 1252 799 ἀν-

221 864 288 907 τωκ
306 835 468 925 ὁσημέραι
482 842 555 905 τῶν
566 834 802 926 ἐπιτριβόντων
818 835 858 903 τὸ
875 843 972 920 σῶμα
983 838 1039 902 καὶ
1051 832 1140 921 πρὸς
1152 830 1252 916 ἀσχά-

220 967 281 1030 την
303 936 493 1026 ἀπόγνωσιν
513 938 794 1007 καταπονούντων.
829 941 962 1022 λδξομεν
984 938 1021 1005 δὲ
1042 933 1126 1004 αύτδι
1149 934 1249 1024 ἐντῷ

221 1043 424 1133 προσήκοντι
440 1047 558 1129 καιρῷ,
581 1038 718 1109 ἐπειδὰν
734 1039 866 1121 καὶτὰς
884 1036 985 1119 άλλως
1007 1037 1116 1107 αύτῶν
1135 1040 1251 1120 δυσχε-
1334 1089 1342 1105 .

124 1202 127 1205 .
222 1149 316 1234 ρείας
334 1145 519 1229 διεξίωμεν·
541 1139 580 1211 τό
600 1143 636 1209 δὲ
653 1148 709 1211 νύν
727 1139 811 1213 εἶναι
830 1139 938 1211 ίκανδν
954 1132 993 1230 ήν
1010 1139 1185 1223 ύποδεῖξαι
1202 1137 1252 1220 ῶς

223 1244 294 1316 τύδ’
307 1245 340 1313 οἱ
354 1243 409 1313 διὰ
422 1245 542 1333 ταύτην
557 1248 703 1332 λέγοντες
716 1241 836 1324 αύτούς
846 1241 1078 1317 ἀποδίδοσθαι
1094 1241 1152 1333 τήν
1164 1243 1252 1329 πρό-

190 1372 206 1419 ι
225 1372 327 1438 φασιν
349 1345 546 1435 ἀληθεύοιεν
569 1344 618 1414 ἀν.
654 1344 773 1418 λοιπὸν
795 1345 835 1436 δή
857 1349 913 1415 καὶ
934 1345 1162 1436 ἀληθέστατον
1179 1346 1249 1430 μὲν,

223 1448 341 1539 ήκιστα
359 1450 396 1518 δὲ
412 1447 497 1538 πρὸς
515 1445 623 1516 αύτῶν
644 1448 829 1536 λεγόμενον,
856 1446 973 1539 ήδονής
996 1448 1088 1516 ἕνεκα
1107 1449 1163 1514 καὶ
1184 1454 1251 1514 τῶν

223 1556 356 1622 πολλῶν
372 1554 429 1619 καλ
446 1549 584 1640 ἀθρόων
601 1549 746 1619 ἐλπίδων
763 1550 909 1641 ίυπηδᾶν
931 1547 1051 1631 αύτούς
1072 1548 1106 1630 ἐς
1122 1547 1182 1630 τὰς
1199 1549 1252 1617 ol-

223 1662 297 1734 κίας
317 1657 583 1742 καταπλαγέντας
603 1653 663 1738 μὲν
684 1651 724 1723 τὸ
746 1656 880 1742 πλῆθος
896 1659 954 1721 τοῦ
974 1659 1096 1742 χρυσοῦ
1118 1652 1174 1720 καί
1190 1657 1252 1720 τοῦ

224 1754 382 1847 ἀργύρου,
411 1753 709 1844 εὐδαιμονήσαντας
731 1756 767 1823 δὲ
789 1754 847 1824 ἐπὶ
867 1768 939 1835 τοῖς
961 1756 1108 1835 δείπνοις
1128 1757 1185 1821 καὶ
1209 1760 1252 1844 τῇ

225 1857 307 1949 ἀλλη
323 1864 446 1950 τρυφή,
474 1859 673 1937 ἐλπίσαντας
691 1858 726 1926 δὲ
744 1852 824 1926 ὅσον
845 1855 961 1925 αάτίκα
980 1856 1101 1940 χανδόν
1118 1854 1254 1937 σύόενδς

226 1959 493 2046 ἐπιστομίζοντος
510 1966 655 2029 πίεσθαι
671 1966 729 2028 τοῦ
745 1966 892 2048 χρυσίου.
926 1967 1031 2027 ταῦτα
1051 1957 1174 2048 ἀπάγει
1191 1956 1253 2028 αό-

224 2062 303 2143 τοὺς
328 2066 384 2135 καλ
410 2063 548 2142 δούλους
573 2059 640 2129 ἀντ’
660 2061 843 2150 ἐλευθέρων
867 2067 1015 2151 τίθησιν,
1049 2059 1108 2146 οόχ
1138 2059 1157 2153 ή
1183 2069 1252 2130 τῶν

225 2163 407 2252 ἀναγκαίων
423 2171 531 2251 χρεία,
553 2163 592 2253 ἣν
610 2163 763 2254 ἔφασκον,
783 2161 851 2249 ἀλλ’
870 2162 891 2252 ή
908 2172 975 2233 τῶν
992 2162 1050 2232 ούκ
1068 2162 1253 2254 ἀναγκαίων

225 2265 392 2352 ἐπιθυμία
409 2271 464 2334 καλ
482 2264 578 2335 ὁτῶν
591 2270 724 2336 πολλῶν
735 2271 789 2335 καὶ
803 2269 990 2335 πολυτελῶν
1004 2266 1131 2336 ἐκείνων
1145 2269 1254 2356 ζήλος.

224 2375 398 2455 τοιγαροῦν
425 2364 538 2465 ὥσπερ
565 2371 751 2456 δυσέρωτας
781 2367 901 2448 αάτοδς
931 2373 985 2436 καλ
1011 2370 1253 2454 κακοδαίμονας

226 2470 366 2557 ἐραστὰς
388 2470 528 2554 ἔντεχνοί
546 2497 633 2551 τινες
654 2475 710 2539 καὶ
734 2477 891 2558 τρίβωνες
916 2470 1074 2560 ἐρώμενοι
1099 2474 1252 2558 παραλα,

225 2574 340 2661 βόντες
357 2569 590 2660 ὑπεροπτικῶς
608 2578 835 2664 περιέπουσιν,
859 2570 953 2655 ὅπως
970 2569 1023 2642 ἀεὶ
1047 2572 1255 2663 ἐρασθήσον-

225 2703 283 2745 ται
305 2674 412 2747 αάτῶν
434 2677 691 2765 θεραπεύοντες,
721 2673 912 2745 ἀπολαῦσαι
938 2677 975 2744 δὲ
1000 2683 1065 2769 τῶν
1085 2678 1255 2745 παιδικῶν

226 2777 297 2847 ἀλλ’
318 2776 394 2849 οάδὲ
419 2784 514 2866 μέχρι
540 2779 727 2868 φιλήματος
756 2774 855 2867 ἀκρον
881 2779 1126 2864 μεταδιδόντες·
1157 2778 1255 2847 ίσασι

225 2880 289 2971 γὰρ
308 2879 341 2951 ίν
357 2886 406 2968 τῷ
427 2893 535 2964 τυχεῖν
555 2879 613 2966 τήν
636 2881 784 2950 διάλυσιν
805 2887 865 2948 τού
887 2881 1009 2971 ἔρωτας
1028 2885 1254 2971 γενησομένην.

225 2982 346 3070 ταύτην
365 2973 421 3051 ούν
438 2979 654 3050 ἀποκλείουσι
674 2984 730 3050 καί
753 2983 943 3071 ζηλοτύπως
965 2983 1183 3070 φυλάττουσι·
1208 2980 1255 3049 τὰ

228 3082 260 3152 δ’
273 3080 355 3150 ἀλλα
374 3080 425 3152 ἀπ’
441 3083 575 3165 ἐλπίδος
593 3082 646 3153 ἀεὶ
662 3083 719 3153 τδν
738 3083 875 3173 ἐραστήν
893 3084 1018 3168 ἐ’χουσι·
1042 3085 1173 3153 δεδίασι
1188 3083 1257 3173 γάρ

226 3183 272 3274 μή
291 3181 389 3257 αύτδν
406 3182 426 3275 ή
445 3183 635 3274 ἀπόγνωσις
652 3183 805 3275 ἀπαγάγῃ
822 3193 880 3274 τής
897 3182 978 3273 ἀγαν
996 3185 1181 3272 ἐπιθυμίας
1195 3189 1257 3255 καλ

228 3285 405 3375 ἀνέραστος
427 3285 539 3370 αὐτοῖς
559 3295 704 3377 γίνηται·
730 3280 991 3376 προσμειδιῶσιύ
1013 3280 1071 3357 σύν
1096 3292 1154 3356 καὶ
1171 3285 1257 3357 ἀπι-

228 3397 399 3474 σχνοόνται
416 3388 468 3472 ῶς
480 3389 533 3460 ἀεὶ
549 3392 730 3479 ποιήσουσι
746 3393 802 3459 καὶ
817 3397 1006 3482 χαριοῦνται
1023 3394 1079 3458 καὶ
1097 3389 1258 3480 ἐπιμελή-

230 3498 345 3562 σονταί
352 3519 436 3562 ποτε
445 3492 553 3562 αύτῶν
560 3496 760 3572 πολυτελῶς.
779 3490 967 3563 εἶτ’ίλαθον
978 3490 1080 3581 ἀμφω
1089 3493 1257 3581 γηράσαν-

227 3621 283 3676 τες
296 3595 413 3684 ίξωροι
425 3597 592 3683 γενόμενοι
604 3587 766 3679 καλούσας
777 3602 836 3664 τοῦ
847 3595 923 3683 ἐρῶν
932 3593 1078 3675 κάκείνας
1084 3602 1144 3664 τοῦ
1152 3618 1259 3680 μετα-

230 3698 368 3765 διδόναι.
394 3702 583 3784 πίπρακται
597 3694 628 3766 δ’
641 3689 699 3785 οὖν
713 3696 829 3778 αὐτοῖς·
840 3696 933 3766 οὐδὲν
945 3698 979 3766 ίν
993 3694 1115 3766 ἅπαντι
1126 3703 1176 3785 τῷ
1188 3703 1259 3786 βίιμ

196 3817 213 3868 8
230 3805 318 3887 πίρα
330 3805 388 3888 τῆς
401 3798 545 3880 ἐλπίδος.
571 3798 611 3869 τδ
623 3801 682 3886 μὲν
692 3799 731 3890 δή
744 3797 787 3868 δι’
796 3798 916 3889 ήδυνής
925 3800 1108 3886 ἐπιθυμίαν
1122 3784 1258 3868 ἀπάντα

229 3898 404 3987 ύπομόνειν
422 3898 460 3971 ού
478 3903 565 3971 πάνυ
583 3903 665 3982 ἴσως
680 3898 845 3984 ἀπαίτεον,
865 3899 949 3971 ἀλλά
966 3900 1136 3993 συγγνώμη
1156 3903 1190 3970 εί
1202 3928 1262 3983 τις

230 4000 328 4092 ἡδονῇ
346 4009 459 4093 χαίρω
484 4007 540 4073 καὶ
563 4004 685 4094 ταύτην
707 4005 744 4088 ίξ
762 4001 909 4086 ἅπαντας
933 4006 1130 4096 θεραπεύει,
1159 3998 1263 4086 ὅπως
