2740 4648
128 257 223 314 XVII.
237 254 338 311 ΠΕΡΙ
354 257 438 311 ΤΩΝ
454 257 529 313 ΕΠΙ
543 257 682 336 ΜΙΣΘῼ
699 257 931 313 ΣΥΝΟΝΤΩΝ
942 258 1051 313 37-41.
1073 245 1137 313 265

113 362 136 430 ἃ
153 363 211 446 μὲν
227 366 313 440 τέως
326 357 425 450 ᾔδεις,
445 359 634 447 ἀπομαθὼν
647 361 680 430 ἐν
691 362 842 450 τοσούτφ
853 363 968 452 χρόνῳ,
987 364 1135 451 θμλύκου

112 467 150 533 δέ
170 464 272 551 μείζω
293 462 350 554 τὴν
375 469 517 551 γαστέρα
542 463 784 551 ἐργασάμενος,
802 463 997 555 ἀπλήρωτόν
1022 493 1056 535 τι
1081 468 1137 534 καί
1194 520 1198 529 .

81 610 86 618 1
112 565 339 655 ἀπαραίτητον
356 566 468 634 κακόν·
484 568 541 633 καὶ
557 565 619 655 γὰρ
638 564 657 635 ό
674 567 795 654 λαιμὸς
813 565 951 638 ἀπαιτεῖ
965 566 1007 638 τὰ
1025 567 1060 636 ἐκ
1076 574 1136 636 τοῦ

112 670 215 749 ἕδους
229 671 286 739 καί
304 665 552 757 ᾇπομανδάνων
571 668 654 737 αὐτὰ
672 667 854 757 ἀγανακτεῖ.
889 675 945 738 καί
962 678 1000 739 σό
1022 668 1080 738 οὐκ
1097 665 1137 738 δέν
1154 691 1189 740 4ο

111 798 165 853 τις
182 766 281 851 ἄλλος
299 770 429 852 δέξαιτο
447 770 566 857 ἐξωρον
582 767 645 858 ἤδη
663 773 819 860 γεγονότα
835 776 891 840 καί
911 762 982 852 τοῖς
1002 796 1139 862 γεγηρα-

111 875 205 942 κόσιν
215 872 338 952 ἵπποις
352 871 491 954 ἐοικότα,
512 863 556 940 ὧν
570 871 647 941 οὐδὲ
659 872 698 941 τό
713 877 815 963 δέρμα
829 871 952 959 ὁμοίως
967 875 1137 964 χρήσιμον.

2 1032 3 1035 ¹
113 972 222 1055 ἄλλως
238 999 275 1043 τε
292 977 347 1042 καὶ
364 971 384 1064 ἡ
404 973 438 1042 ἐκ
453 982 516 1042 τού
531 973 734 1063 ἀπωσθῆναι
752 975 888 1065 διαβολὴ
907 974 992 1064 πρὸς
1009 976 1048 1045 τό
1064 990 1139 1061 μεῖ-
1180 990 1183 995 ’

113 1079 168 1162 ζον
186 1077 373 1165 εἰκαζομένη
390 1075 505 1161 μοιχὸν
521 1073 543 1167 ἢ
560 1084 735 1167 φαρμακέα
749 1103 791 1147 σε
802 1076 829 1166 ἥ
845 1106 879 1149 τι
896 1075 1139 1147 τοιούτουόλλο

115 1183 222 1250 δοκεῖν
247 1192 355 1248 ποιεῖ·
383 1175 401 1246 ό
427 1180 485 1264 μέν
511 1178 573 1268 γὰρ
599 1180 777 1272 κατήγορος
802 1183 857 1249 καί
883 1188 1020 1250 σκοπῶν
1046 1179 1138 1263 ἄξιό-

112 1307 247 1363 πιστος,
275 1279 315 1351 σὺ
337 1278 369 1348 δ’
385 1277 499 1370 Ἕλλην
524 1285 580 1350 καὶ
605 1282 720 1372 ῥᾴδιος
743 1282 801 1352 τόν
826 1284 951 1373 τρόπον
976 1281 1139 1369 καὶπρὸς

113 1391 227 1455 πεῖσαν
245 1381 373 1455 ύδικίαν
391 1380 537 1465 εόκολος·
555 1387 727 1466 τοιούτους
743 1384 805 1475 γὰρ
823 1381 972 1465 ἅπαντας
988 1382 1074 1474 ἡμᾶς
1092 1382 1139 1452 εἶ-

112 1513 170 1556 ναι
196 1487 334 1568 οἴονται,
360 1489 416 1553 καὶ
441 1487 532 1570 μάλα
554 1488 702 1568 εἰκότως·
728 1489 815 1555 δοκοῦ
841 1490 903 1575 γάρ
924 1513 984 1574 μοι
1005 1490 1060 1555 καὶ
1080 1493 1140 1575 τῆς

112 1589 269 1677 τοιαύτης
287 1589 384 1677 δόξης
401 1585 519 1669 αύτῶν,
543 1588 581 1677 ἣν
599 1589 710 1671 ’έχουσι
726 1593 806 1676 περὶ
822 1587 922 1677 ἡμῶν,
946 1614 1139 1677 κατανενοη-

113 1697 204 1760 κέναι
220 1691 277 1780 ιύγν
296 1691 413 1759 αἰτίαν.
445 1693 565 1759 πολλοί
582 1689 644 1781 γὰρ
663 1690 697 1771 ἐς
713 1689 774 1771 τὰς
792 1692 897 1771 οἰκίας
913 1680 1139 1780 παρελθόντες

113 1790 182 1864 όπό
199 1800 258 1861 τού
276 1793 376 1880 μηδὲν
394 1789 473 1861 ἄλλο
493 1793 652 1881 χρήσιμον
675 1793 795 1861 εἰδέναι
816 1797 954 1880 μαγείας
974 1796 1031 1860 καί
1053 1818 1139 1881 φαρ-

113 1901 251 1984 μακείαρ
271 1893 452 1978 ὑπέσχοντο
478 1899 534 1962 καὶ
557 1896 694 1984 χάριτας
720 1894 777 1963 ἐπὶ
802 1908 874 1974 τοῖς
896 1894 1063 1982 ἐριστικοῖς
1084 1895 1141 1961 καί

115 1995 370 2085 ἐπαγωγὰςτοῖς
380 1997 523 2086 ἐχθροῖς,
541 2001 713 2066 καὶταῦτα
727 1999 981 2066 πεπαιδεῦσθαι
994 1999 1140 2083 λέγοντες

114 2103 172 2170 καί
186 2105 348 2191 τρίβωνας
366 2097 588 2185 ἀμπεχόμενοι
605 2103 660 2167 καὶ
678 2101 840 2187 πώγωνας
857 2097 916 2168 οόκ
936 2095 1140 2187 εὐκαταφρο-

114 2203 233 2293 νήτους
245 2207 449 2286 καθειμένοι.
479 2203 614 2282 εἰκότως
632 2193 689 2270 σύν
706 2200 763 2292 τὴν
781 2200 899 2287 ὁμοίαν
916 2204 994 2291 περὶ
1006 2201 1140 2269 πάντων

114 2303 276 2386 ὑπόνοιαν
293 2304 433 2389 ἐχουσιν,
458 2304 515 2385 οὓς
532 2303 688 2393 ἀρίστους
707 2302 824 2393 ᾤοντο,
848 2305 1019 2387 τοιούτους
1036 2300 1141 2391 ὁρῶν-

114 2434 170 2490 τες
186 2410 242 2476 καί
258 2407 404 2493 μάλιστα
421 2405 650 2494 ἐπιτηροῦντες
668 2405 775 2476 αὐτῶν
788 2406 845 2495 τὴν
859 2407 892 2475 ἐν
909 2420 980 2486 τοῖς
994 2408 1142 2486 δείπνοις

114 2513 172 2578 καὶ
188 2516 227 2600 τῇ
246 2505 327 2598 όλλῃ
346 2513 503 2597 συνουσίᾳ
524 2513 693 2576 κολακείαν
710 2513 765 2577 καὶ
781 2508 840 2597 τὴν
860 2508 946 2597 πρός
966 2506 1005 2576 τό
1027 2509 1141 2595 κέρδος

3 2662 4 2673 2
117 2614 389 2701 δουλοπρέπειαν.
424 2600 689 2695 ’ἀποσεισάμενοι
711 2611 747 2677 δὲ
769 2608 887 2689 αύτούς
908 2616 1058 2695 μισοῦσι,
1086 2611 1141 2675 καὶ
1158 2629 1190 2679 41

49 2766 52 2775 ff
115 2714 212 2802 μύλα
225 2714 368 2795 εἰκότως,
386 2716 441 2781 καὶ
459 2711 495 2795 ἐξ
511 2707 658 2792 ἅπαντας
672 2714 820 2801 ζητοῦσιν
833 2707 927 2791 ὅπως
940 2708 1041 2801 όρδιγν
1055 2709 1142 2780 (ἐπο-

2 2814 3 2865 3
116 2819 264 2900 λέσωσιν,
283 2815 322 2907 ἢν
341 2817 513 2885 δύνωνται·
531 2816 714 2901 λογίζονται
731 2813 792 2904 γὰρ
810 2812 857 2894 ὥς
875 2813 1141 2903 ἐξαγορεύσουσιν

118 2917 225 2988 αὐτῶν
241 2918 284 2987 τό
301 2918 410 2989 πολλὰ
428 2918 533 2987 ἐκεῖνα
549 2924 607 3006 τῆς
621 2918 752 3007 φύσεως
766 2914 938 3006 όπόρρητα
952 2914 997 2998 ιός
1010 2912 1143 2984 ἅπαντα

117 3021 244 3102 εἰδότες
258 3018 400 3107 ἀκριβοῦς
411 3025 466 3088 καὶ
478 3020 618 3109 γυμνοὺς
628 3017 747 3100 αύτούς
760 3016 1017 3099 ἐπωπτευκότες.
1043 3025 1142 3087 τοῦτο

115 3129 226 3193 τοίνυν
249 3120 428 3209 ἀποπνίγει
450 3122 583 3202 αύτούς·
611 3118 754 3202 ἅπαντες
774 3122 836 3211 γὰρ
860 3120 1003 3212 ἀκριβῶς
1030 3118 1143 3206 όμοιοί

117 3225 186 3294 είσι
202 3234 273 3302 τοῖς
289 3226 476 3303 καλλίστοις
497 3225 628 3303 τούτοις
649 3228 805 3309 βιβλίοις,
834 3215 879 3291 ὧν
899 3237 1018 3308 χρυσοῖ
1033 3225 1091 3306 μὲν
1109 3222 1143 3289 οί

118 3324 281 3414 ὀμφαλοί,
305 3332 463 3414 πορφυρᾶ
481 3323 512 3392 δ’
529 3325 661 3392 ’ἔκτοθεν
678 3322 698 3412 ἡ
718 3327 879 3412 διφθέρα,
902 3323 943 3390 τὰ
966 3322 996 3390 δ’
1014 3319 1144 3409 ἐνδονῆ

119 3432 262 3516 θυέστης
280 3424 350 3494 ἐστὶ
367 3433 432 3494 τῶν
444 3431 561 3494 τέκνων
574 3425 770 3509 ἑστιώμενος
786 3422 808 3513 ἢ
822 3426 980 3503 Οἰδίπους
987 3431 1032 3512 ,τῇ
1044 3427 1144 3511 μητρὶ
1165 3426 1169 3437 ’

119 3525 263 3616 συνὼνῆ
284 3526 403 3617 Τηρεὺς
422 3528 481 3597 δύο
498 3525 646 3617 ἀδελφός
664 3525 734 3613 ἅμα
753 3526 889 3596 ὀπυίων.
925 3534 1071 3594 τοιοῦτοι
1088 3531 1144 3594 καί

120 3629 217 3700 αύτοί
238 3632 318 3713 εἶσι,
345 3633 492 3719 λαμπροί
513 3632 568 3698 καὶ
590 3635 820 3717 περίβλεπτοι,
849 3629 939 3697 ἐνδον
966 3625 997 3696 δ’
1012 3626 1080 3697 ὑπὸ
1102 3635 1143 3718 τῇ

117 3736 280 3824 πορφύρᾳ
296 3732 421 3821 πολλὴν
438 3732 495 3822 τὴν
511 3735 695 3821 τραγῳδίαν
709 3722 897 3812 σκέποντες·
917 3732 1049 3800 ἕκαστον
1066 3737 1144 3819 γοῦν

119 3833 229 3905 αότῶν
246 3834 284 3925 ἢν
302 3837 476 3926 ἐξειλήσῃς,
496 3838 605 3924 δρᾶμα
621 3834 658 3904 οὗ
672 3834 785 3923 μικρὸν
800 3833 945 3925 εὑρήσεις
957 3831 1143 3921 Εὐριπίδου

118 3937 209 4019 τινός
226 3936 247 4027 ἢ
261 3944 475 4029 Σοφοκλέους,
495 3938 537 4006 τὰ
555 3936 585 4006 δ’
599 3939 660 4021 ἐξω
674 3939 832 4028 πορφύρα
846 3935 987 4026 εὐανθὴς
1000 3941 1055 4006 καὶ
1065 3963 1144 4027 χρυ-

121 4046 200 4121 σοῦς
210 4039 228 4109 ό
239 4039 406 4131 ὀμφαλός·
426 4040 513 4111 ταῦτ’
525 4033 580 4111 οόυ
595 4043 866 4127 συνεπιστάμενοι
881 4038 994 4121 αὑτοῖς
1006 4047 1143 4127 μισοῦσι
