2740 4648
1177 160 1190 193 0

405 248 513 307 XVIII.
525 249 759 307 ¹AIIOAOPIA
780 249 864 304 1-3.
1039 276 1041 279 ·
1082 234 1146 302 267

471 505 794 577 ΑΠΟΛΟΓΙΑ.

126 660 282 731 Πάλαι
300 666 415 729 σκοπῶ
428 658 514 747 πρὸς
527 657 676 744 δμαυτόν,
696 686 723 727 ω
709 649 814 728 καλέ
825 655 1000 746 2⁰ffl⁷⁶2⁰
976 659 1072 729 ατινά
1091 672 1179 733 σοιι
1254 734 1258 741 ,
1363 714 1364 721 1

120 718 208 843 εἰκός
229 760 387 831 έπελθεῖν
409 758 556 830 εἰπεῖν’
536 762 707 849 αναγνόντι
728 759 820 850 ἡμῶν
840 761 879 830 τὸ
902 766 1067 854 περὶτῶν
1089 761 1191 832 έπλ

117 871 237 954 μισθῳ
248 890 409 937 συνοντων
415 860 598 949 βιβλίον
577 890 631 932 οτι
638 891 662 950 μ
664 865 767 954 νγυρ
778 860 1147 955 ουκαγελαστιδιεξηεις

119 965 202 1043 σύτο
187 965 276 1035 καὶ
291 967 381 1036 πάνυ
396 991 456 1053 μοι
472 966 696 1057 πρόδηλον.ι
677 993 699 1034 α
717 967 754 1035 δέ
738 965 886 1053 έμεταξὺ
900 970 956 1037 καὶ
973 967 1030 1036 ἐπὶ
1042 974 1147 1035 πᾶσιν

119 1068 188 1141 ύπδ
208 1076 269 1138 σού
288 1067 428 1158 δλέγετο,
450 1075 554 1136 ταῦτα
575 1075 631 1137 νύν
648 1067 865 1158 ἐφαρμόττειν
884 1070 969 1158 ζητῶ
985 1082 1057 1150 τοῖς
1074 1066 1148 1138 άνε-

118 1177 326 1262 γνωσμένοις.
362 1171 392 1239 εί
408 1176 517 1241 τοίνυν
528 1170 578 1260 μὴ
596 1168 694 1251 κακὸς
712 1170 774 1259 ἐγὼ
791 1170 959 1262 μαντικὴν,
984 1173 1077 1240 δοκῷΙ
1087 1197 1148 1258 μοι

119 1272 251 1344 ἀκούειν
269 1298 328 1342 σου
347 1275 510 1360 λέγοντος·
528 1270 601 1341 είτά
613 1300 665 1354 τις
678 1270 778 1354 αύτὸς
789 1280 894 1342 ταῦτα
906 1272 1079 1364 γεγραφὼς
1091 1277 1147 1342 καλ

118 1381 314 1466 κατηγορίαν
333 1371 420 1445 οότω
438 1374 544 1464 δεινὴν
565 1374 651 1465 κατὰ
669 1382 727 1444 τού
749 1378 903 1447 τοιούτου
923 1383 1000 1464 βίον
1024 1377 1147 1459 διεξελ-

117 1478 204 1562 θὼν,
224 1478 340 1549 ἔπειτα
348 1470 481 1547 πάντων
494 1477 723 1565 ἐκλαθόμενος,
744 1476 914 1569 ὀστράκου,
936 1482 1029 1569 φησί,
1046 1503 1147 1565 μετα-

118 1582 290 1663 πεσόντος,
309 1578 391 1650 ἕκὼν
409 1578 525 1649 ἑαυτὸν
540 1586 650 1670 φέρων
667 1579 701 1662 ἒς
716 1583 865 1650 δουλείαν
879 1577 964 1650 ούτω
977 1586 1146 1670 περιφανῆ

117 1687 175 1752 καί
192 1687 411 1774 περίβλεπτον
429 1681 604 1766 ἐνσέσεικε,
620 1683 725 1751 πόσοι
741 1685 846 1752 Μίδαι
862 1687 918 1751 καὶ
935 1695 1075 1772 Κροῖσοι
1090 1685 1147 1751 καὶ

118 1788 294 1858 Πακτωλοὶ
312 1780 385 1854 όλοι
401 1789 598 1871 μετέπεισαν
616 1782 714 1852 αύτδν
728 1781 863 1872 ἀφεῖναι
874 1787 933 1870 μὲν
946 1785 1004 1874 τὴν
1017 1785 1053 1854 ἐκ
1064 1792 1147 1855 παί-

120 1890 187 1957 δων
205 1890 303 1976 φίλην
320 1891 376 1956 καὶ
394 1889 575 1977 σύντροφον
593 1885 792 1975 ἐλευθερίαν,
815 1886 901 1977 πρὸς
919 1884 1007 1977 αύτῷ
1029 1889 1066 1956 δέ
1083 1887 1145 1976 ἤδη

118 1997 168 2080 τῷ
189 1990 305 2078 Αἰακῷ
326 1990 496 2078 γενόμενον
516 1991 573 2057 καὶ
592 1989 845 2075 μονονουχλτὸν
865 1988 974 2079 ἕτερον
999 1990 1092 2057 πόδα
1113 1989 1147 2083 ἐν

48 2122 53 2131 ·
118 2099 167 2182 τῷ
185 2097 364 2180 πορθμείῳ
383 2090 497 2176 έχοντα
513 2097 668 2180 παρέχειν
682 2090 797 2162 ἑαυτὸν
810 2092 968 2161 ἕλκεσθαι
980 2094 1036 2160 καὶ
1050 2092 1147 2180 σύρε-
1176 2143 1177 2146 ,

120 2204 207 2266 σθαι
222 2194 379 2284 καθάπερ
396 2191 463 2262 ύπὸ
476 2196 577 2282 κλοιῷ
589 2220 654 2263 τινι
663 2201 775 2285 χρυσῷ
787 2192 844 2263 τὸν
858 2192 976 2278 αύχένα
989 2196 1147 2279 δεθέντας

119 2297 226 2388 πολλὴ
244 2304 321 2386 γοῦν
337 2326 357 2386 η
346 2293 543 2386 ’διαφωνία
558 2322 616 2364 του
602 2303 737 2384 νύνβί
738 2324 775 2366 ου
789 2295 875 2385 πρὸς
886 2295 924 2366 τὸ
939 2298 1074 2386 σύγγραμ
1061 2322 1143 2383 μμοι,

6 2460 8 2477 ,
49 2427 53 2435 ·
115 2398 230 2470 ’καὶ
196 2426 236 2470 το
259 2396 327 2469 άνω
348 2397 426 2480 τοὺς
446 2396 619 2485 ποταμοὺς
638 2412 756 2490 χωρεῖν
777 2403 833 2468 καὶ
855 2398 1139 2526 ἀνεστράφθαι
1103 2427 1146 2467 τα

6 2554 8 2601 3
118 2503 231 2572 πάντα
252 2504 308 2570 καί
329 2501 577 2591 παλινῳδεῑνπ
549 2500 635 2587 πρὸς
655 2500 694 2569 τὸ
715 2515 830 2592 χεῖρον
846 2499 931 2569 τοῦτ’
952 2499 991 2569 άν
1014 2503 1064 2591 είη
1088 2499 1147 2585 ούχ

6 2646 8 2699 3
119 2601 204 2694 ύπλρ
218 2602 343 2696 Ἑλένης
358 2601 407 2690 μὰ
424 2609 468 2673 Δί
454 2599 568 2671 ίόύδ
587 2601 672 2691 ὑπὲρ
694 2611 759 2672 τῶν
781 2603 825 2672 έπ
822 2601 932 2690 ’Ἰλίῳ
955 2608 1144 2689 γενομένων,

120 2703 229 2774 ἀλλ”
210 2733 292 2796 εργῳ
316 2704 588 2797 ἀνατρεπομένων
609 2712 675 2774 τῷν
700 2707 819 2794 λόγων,
851 2709 959 2786 καλῶς
984 2705 1146 2794 πρότερον

119 2809 278 2900 εἰρῆσθαι
296 2810 486 2880 δοκούντων.
512 2814 618 2878 ταῦτα
634 2809 693 2894 μέν
710 2806 797 2898 πρὸς
810 2804 917 2902 αὑτὸν,
937 2804 983 2890 ὦς
995 2807 1033 2876 τὸ
1048 2806 1144 2890 εἰκὸς,
1163 2830 1179 2879 2

117 2915 267 2984 λέλεκταί
284 2938 349 2983 σοι.
385 2912 519 2995 ἐπάξεις
537 2913 573 2980 δὲ
590 2913 674 2993 ἰ’σως
689 2915 745 2980 καὶ
761 2909 849 3002 πρὸς
866 2907 966 2980 ούτδν
988 2909 1045 2997 ἐμὲ
1063 2936 1145 2996 συμ-
1229 2916 1231 2920 ’

116 3017 239 3105 βουλήν
256 3041 330 3084 τινα
347 3015 502 3105 τοιαύτην
520 3012 579 3084 ούκ
596 3012 741 3104 άκυιρον,
761 3011 845 3083 ἀλλὰ
862 3013 993 3104 φιλικὴν
1010 3017 1065 3082 καλ
1083 3014 1144 3102 οἵῳ

67 3182 71 3187 ff
118 3143 176 3188 σοι
191 3123 322 3205 χρηστῷ
338 3121 394 3184 καὶ
410 3119 589 3207 φιλοσόφῳ
608 3114 701 3208 άνδρὶ
718 3123 921 3205 πρέπουσαν.
957 3113 996 3206 ἢν
1012 3118 1071 3204 μὲν
1089 3108 1146 3185 σύν

116 3215 189 3286 κατ’
201 3215 296 3299 ἀξίαν
312 3215 439 3299 ύποδὺς
455 3218 494 3286 τὸ
513 3218 571 3287 σὸν
588 3221 772 3305 πρόσωπον
789 3217 1031 3310 ὑποκρίνωμαι,
1051 3209 1088 3286 εύ
1105 3214 1146 3286 άν

116 3316 197 3412 ἡμῖν
223 3318 293 3403 έχοι
317 3323 373 3387 καὶ
396 3326 446 3408 τῷ
467 3327 580 3407 Λογίῳ
601 3321 765 3403 θύσομεν·
793 3321 823 3388 εἰ
845 3323 881 3388 δέ
906 3320 966 3408 μὴ,
995 3317 1079 3387 ἀλλὰ
1103 3316 1147 3409 σύ
1276 3320 1279 3331 ’

116 3421 330 3513 προσθήσεις
350 3420 393 3490 τὰ
415 3421 574 3491 ἐνδέοντα.
619 3417 690 3511 ιύρα
709 3428 820 3490 τοίνυν
840 3422 1147 3506 μετασκευάσαντας

117 3521 208 3614 ημᾶς
224 3523 282 3614 τὴν
304 3550 420 3615 σκηνην
443 3523 500 3611 ίμέ
519 3520 578 3610 μέν
601 3530 732 3593 σιωπᾶν
752 3527 809 3592 καὶ
830 3522 1009 3609 άνέχευθαι
1030 3524 1146 3610 τεμνό-

118 3651 215 3714 μενον
232 3630 289 3696 καλ
304 3629 471 3715 καόμενον,
491 3628 521 3696 εἰ
539 3628 623 3710 δέοι,
643 3626 701 3696 ἐπὶ
718 3632 872 3718 σωτηρίῳ,
892 3627 930 3695 σὲ
948 3624 1016 3694 δέ’
1001 3626 1147 3695 επιπάτ
1255 3697 1256 3700 ,

117 3754 187 3799 τειν
204 3738 270 3799 τῷν
288 3730 469 3822 φαρμάκων
486 3728 591 3799 καλ
557 3757 615 3820 την
629 3754 673 3815 σμ
676 3724 782 3819 ίλην“
759 3756 829 3815 αμα
841 3730 1017 3853 πρόχειρον
1032 3729 1145 3813 ’έχοντα

51 3894 57 3897 .
116 3832 220 3900 καλ
187 3859 226 3901 το
239 3834 413 3924 καυτήριον
427 3833 605 3922 διάπυρον
621 3835 677 3900 καί
691 3831 730 3920 δὴ
744 3830 988 3921 παραλαβων
955 3858 1012 3921 την
1025 3832 1145 3923 ῥήτραν

118 3932 160 4003 σύ
177 3942 282 4003 ταῦτα
298 3937 385 4026 πρός
400 3961 442 4022 με
459 3933 521 4026 ἤδη
539 3938 653 4023 λέγεις.
678 3937 787 4004 πάλαι
798 3927 915 4020 μὲν,
888 3963 914 4003 ω
930 3932 1124 4024 φιλότης,ς
1098 3960 1144 4017 ως
1160 3956 1177 4008 8

119 4035 214 4122 εἰκός,
233 4034 450 4129 ηύδοκίμηταί
467 4063 522 4108 σοι
537 4040 631 4106 τουτί
648 4036 686 4107 τό
706 4039 899 4131 σύγγραμμα
911 4043 966 4107 καὶ
980 4037 1013 4107 ἐν
1028 4041 1143 4126 πολλῷ
