2722 4646
181 211 225 281 26
567 219 821 277 κοκκικαοκ

198 320 200 329 ’
231 335 342 393 ΔΟΥΚ.
381 322 502 396 Οῦκοῦν
520 328 575 393 καὶ
593 321 691 404 αὐτὸς
708 320 786 412 ἡμῖν
804 322 880 413 όράν
896 317 1086 411 όμολογεῖςς

231 437 327 494 ΕΤΑΙ.
361 430 452 497 Πάνυ
470 429 529 514 μὲν
546 417 616 510 οῦν,
640 429 696 493 καὶ
712 429 851 514 προσέτι
869 426 987 511 δέομαί
1007 429 1045 514 γί
1062 449 1122 494 σου
1139 448 1213 494 κοι·

180 534 237 624 νήν
253 558 326 600 τινα
343 530 402 621 τὴν
418 536 605 620 θεραπείαν
623 529 777 599 ἐπινοεῖν.

232 642 343 698 ΛΟΥΚ
380 633 424 702 Τὸ
442 639 501 702 τοῦ
520 628 585 720 ἀρα
605 634 754 721 Τηλέφου
773 627 893 718 ἀνάγκη
911 640 1033 699 ποιεῖν.

232 742 329 799 ΕΤΑΙ.
365 748 467 804 Ποῖον
485 725 526 802 αῦ
544 738 664 822 λίγειςς

232 843 343 901 ΛΟΥΚ.
365 835 440 907 Ἐπὶ
448 837 505 906 τὸν
514 836 686 926 τρώσαντα
695 834 857 915 ἐλθόντας
866 834 988 903 ἰᾶσθαι
996 836 1212 923 παρακαλεῖν.

454 1057 584 1125 ΔΙΚΗ
610 1048 940 1129 ΦΩΝΗΕΝΤΩΝ.
1015 1099 1026 1109 -

149 1207 163 1255 l
233 1194 293 1252 Ἐπῖ
303 1193 435 1269 ἄρχοντος
443 1192 620 1266 Ἀριστάρχου
632 1193 790 1268 Φαληρέως,
807 1196 1007 1263 Πυανεψιῶνος
1016 1182 1120 1264 ἑβδόμη
1134 1189 1213 1244 ἱστα-

179 1287 275 1354 μένου,
283 1280 392 1356 γραφὴν
400 1282 485 1335 ἔθετο
494 1278 530 1358 τό
538 1286 630 1354 Σῖγμα
640 1279 710 1352 πρὸς
719 1278 751 1334 τὸ
765 1283 819 1334 Ταῦ
829 1283 877 1332 ἐπὶ
886 1283 945 1332 τῶν
953 1274 1026 1332 ἑπτὰ
1036 1281 1212 1343 Φωνηέντων

180 1374 243 1439 βίαι
257 1365 445 1438 ’ὑπαρχόντων
462 1371 509 1420 καί
526 1363 664 1439 άρπαγῆε,
686 1363 848 1438 ἀφῃρῆσθαι
864 1362 946 1438 λέγον
967 1362 1085 1418 πάντων
1100 1365 1162 1416 τῶν
1178 1365 1213 1416 ίν

182 1451 272 1521 διπλῷ
285 1456 336 1506 ταῦ
351 1456 554 1524 ἐκφερομένων.
801 1508 806 1525 Ι

147 1581 163 1627 2
231 1561 335 1643 Μέχρι
349 1556 416 1640 μὲν,
438 1545 464 1620 ὦ
477 1551 648 1642 Φωνήεντα
661 1554 822 1634 δικασταὶ,
843 1549 938 1638 ἀλίγα
951 1548 1126 1640 ἠδικούμην
1140 1546 1212 1619 ῦπό

180 1661 313 1729 τουτουὶ
329 1664 470 1725 τοῦτοῦ
486 1660 736 1744 καταχρωμένου
759 1666 830 1735 τοῖς
847 1653 948 1739 ἐμοῖς,
961 1656 1017 1721 καὶ
1036 1657 1212 1743 καταίρον-

179 1785 236 1839 τος
255 1759 338 1828 ἔνθα
354 1757 399 1847 μὴ
419 1760 478 1840 δεῖ,
499 1755 537 1826 οῦ
554 1763 683 1847 βαρέως
701 1757 819 1846 ἔφερον
834 1755 892 1845 τὴν
908 1756 1034 1845 βλάβην
1050 1757 1104 1823 καλ
1122 1781 1212 1844 παρ-

180 1858 298 1952 ήκουον
316 1862 385 1930 όνια
402 1867 468 1929 τῶν
485 1863 666 1948 λεγομένων
683 1857 751 1955 ἀπὸ
769 1866 828 1948 τῆς
844 1858 1071 1947 μετριότητος,
1086 1856 1124 1946 ἣν
1137 1857 1213 1927 ’ίστα

179 1990 222 2050 με
243 1966 456 2053 φυλάσσοντα
475 1963 562 2050 πρός
582 1988 619 2030 τε
639 1959 727 2048 ἀμάς
747 1964 803 2029 καὶ
822 1959 884 2040 τάς
905 1957 1008 2040 ἀλλας
1027 1959 1210 2044 συλλαβάς·

181 2067 255 2137 ἐπεὶ
273 2069 310 2134 δὲ
328 2065 361 2147 ἐς
377 2073 536 2134 τοσοῦτον
557 2060 629 2153 ἥκει
645 2067 840 2147 ’πλεονεξίας
860 2065 968 2131 τεκαὶ
992 2059 1106 2142 ἀνοίας
1121 2057 1210 2129 ὥστε

181 2165 291 2258 ἀφόῖς
303 2165 453 2255 ἡσύχασα
462 2168 630 2252 πολλάκις,
651 2164 710 2234 οῦκ
720 2165 868 2254 ἀγαπῶν,
888 2162 1025 2255 ἀλλ’ἤδη
1038 2166 1209 2234 καλπλείω

179 2272 427 2357 προσβιάζεται,
448 2267 631 2358 ἀναγκαίως
649 2267 728 2337 αὐτὸ
743 2266 874 2338 εόθόνω
887 2274 943 2337 νῦν
956 2265 1049 2356 παρὰ
1061 2277 1133 2346 τοῖς
1145 2263 1213 2352 ἀμ·

179 2373 307 2462 φότερα
325 2373 449 2441 εἰδόσιν
466 2368 554 2458 ῦμῖν.
581 2373 655 2452 δέος
669 2373 706 2439 δὲ
717 2369 757 2440 οῦ
775 2370 890 2461 μικρόν
904 2394 965 2456 μοι
978 2368 1037 2439 ἐπὶ
1051 2375 1110 2458 τῆς
1122 2364 1212 2437 ἀπο-

179 2477 336 2562 θλίψεως
353 2475 525 2561 ἐπέρχεται
541 2481 599 2564 τῆς
612 2474 771 2560 ἐμαυτοῦ·
788 2487 860 2555 τοῖς
872 2472 934 2562 γὰρ
947 2475 1212 2563 προπεπραγμί·

180 2603 250 2657 νοις
268 2574 322 2646 ἀεί
337 2605 371 2646 τι
387 2579 498 2664 μεῖζον
516 2579 700 2667 προστιθὲν
719 2573 821 2666 ἀρδην
841 2602 883 2663 με
900 2583 959 2665 τῆς
981 2575 1103 2653 οἰκείας
1121 2571 1211 2645 ἀπο-

179 2684 302 2768 θλίψει
317 2681 441 2770 χώρας,
461 2677 507 2761 ιῦς
525 2678 636 2769 ὀλίγου
655 2682 723 2748 δεῖν
739 2677 875 2769 ἡσυχίαν
894 2675 1057 2765 ἀγαγόντα
1073 2677 1157 2765 μηδὲ
1175 2674 1209 2769 δν

178 2784 366 2872 γράμμασιν
384 2781 624 2874 ἀριθμεῖσθαι,
653 2782 767 2870 ἀν’ίσφ
786 2782 823 2849 δὲ
838 2772 976 2849 κεῖσθαι
996 2785 1056 2847 τοῦ
1078 2777 1212 2868 ψόφου.

144 2911 162 2960 ν
181 2887 308 2954 δίκαιον
325 2876 382 2952 οῦν
400 2882 458 2969 οόχ
475 2883 570 2971 ἀμᾶς,
590 2889 625 2953 οἳ
642 2885 786 2967 δικάζετε
799 2889 863 2965 νῦν,
882 2880 968 2951 ἀλλά
980 2884 1036 2951 καλ
1048 2880 1091 2950 τὰ
1104 2879 1210 2951 λοιπὰ
1334 2920 1343 2935 r

135 3033 138 3037 .
178 2988 356 3077 γράμματα
371 2995 430 3077 τῆς
446 2993 566 3078 πείρας
583 2988 666 3071 ἔχειν
682 2985 757 3055 τινὰ
775 2984 937 3077 φυλακήν·
955 2985 986 3053 εἰ
1001 2981 1063 3073 γὰρ
1079 2982 1210 3066 ἐξέσται

178 3102 250 3169 τοῖς
266 3093 478 3176 βουλομένοις
495 3088 565 3159 ἀπὸ
578 3096 637 3180 τῆς
648 3086 725 3157 καθ’
737 3086 821 3157 αῦτά
832 3089 958 3171 τάξεως
971 3087 1019 3169 εἰς
1031 3083 1209 3174 ἀλλοτρίαν

178 3192 360 3279 βιάζεσθαι
380 3197 554 3262 καὶτοῦτο
578 3190 774 3280 ἐπιτρέψαι
795 3187 902 3277 ῦμεῖς,
931 3180 976 3259 ὦν
991 3192 1093 3277 χωρίς
1114 3186 1210 3259 οῦδὲν

178 3295 329 3363 καθόλου
346 3323 381 3363 τι
397 3296 570 3386 γράφεται,
590 3290 650 3377 οῦχ
667 3290 735 3381 όριῦ
752 3298 826 3361 τίνα
843 3293 968 3383 τρόπον
986 3291 1024 3361 αλ
1040 3292 1210 3372 συντάξεις

178 3396 221 3465 τδι
237 3399 376 3484 νόμιμα,
405 3395 456 3486 ἐφ’
469 3396 520 3477 οῖς
537 3397 663 3484 ἐτάχθη
680 3394 723 3464 τὰ
739 3392 808 3463 κατ’
821 3393 936 3486 ἀρχάς,
960 3396 1099 3480 ἕξουσιν.
1134 3391 1212 3465 ἀλλ’.

178 3495 255 3568 οῦτε
271 3498 357 3585 ὑμᾶς
374 3496 469 3586 οἶμαί
484 3525 569 3568 ποτε
588 3498 621 3581 ἐς
636 3505 794 3568 τοσοῦτον
811 3495 966 3583 ἀμελείας
982 3500 1086 3566 τεκαὶ
1099 3520 1211 3585 παροψ

178 3603 306 3692 ράσεως
323 3599 413 3692 ἥξειν
433 3597 520 3670 ὥστε
542 3601 725 3691 ἐπιτρίψαι
745 3598 819 3669 τινὰ
836 3598 882 3690 μὴ
904 3602 1030 3682 δίκαια,
1057 3595 1148 3681 οότε,
1175 3598 1209 3668 εἰ

178 3705 392 3794 καθυφήσετε
407 3702 465 3774 τὸν
487 3701 599 3793 ἀγιῦνα
619 3701 728 3790 ὑμεῖς,
757 3702 832 3789 λμολ
851 3706 1096 3794 παραλειπτέον
1118 3701 1207 3771 ἐστὶν

143 3830 162 3881 4
179 3804 392 3895 ἀδικουμένῳ.
419 3805 465 3889 τός
481 3808 558 3876 ε’ίθε
573 3809 631 3874 καὶ
646 3812 711 3874 ταῖν
729 3802 836 3875 ἀλλων
853 3803 1060 3895 ἀνεκόπησαν
1075 3803 1153 3872 τότε
1169 3802 1208 3873 αλ

178 3910 300 3997 τόλμαι
318 3906 422 3991 εάθδς
439 3908 628 3997 ἀρξαμένων
644 3919 859 3997 παρανομεῖν,
877 3909 933 3975 καλ
950 3903 1011 3975 οάκ
1028 3902 1070 3976 ἀν
1088 3905 1206 3975 ἀπολί-

177 4040 233 4102 μει
249 4018 345 4103 μέχρι
362 4019 417 4081 νῦν
445 4009 483 4079 τὸ
513 4012 622 4098 λάβδα
639 4017 687 4100 τῷ
705 4013 752 4097 ῥιῦ
771 4012 1034 4100 διαμφισβητοῦν
1051 4011 1129 4100 περὶ
1147 4013 1206 4098 τῆς
