2740 4648
296 13 350 77 ἵ
386 9 452 29 ’“”’

441 289 546 345 XXIV.
573 288 747 343 ΣΚΥΘΗΣ
769 288 872 341 9-11.
1108 276 1173 340 343

138 394 201 485 γάρ
220 391 260 462 ἀν
279 391 392 474 ἀλλοις
409 392 518 476 ἔδειξα
536 400 648 484 σιωπῇ
666 392 877 479 παροδεύσας
897 392 1090 482 τηλικαύτην
1107 390 1174 461 πό-

140 501 206 577 λινς
232 496 364 586 ἐζήτουν
390 496 427 564 δέ
453 535 495 547 -
522 494 559 564 ού
585 493 647 584 γὰρ
675 492 917 582 ἀποκρύψομαι
942 493 1101 583 τάληθές,
1129 534 1172 549 -

141 601 260 680 οἵτινες
277 599 311 667 οἱ
327 595 526 689 προύχοντες
544 595 607 667 εἶεν
625 599 681 665 καὶ
698 596 749 679 οἷς
767 595 806 665 ἀν
827 622 879 677 τις
900 597 1099 688 προσελθὼν
1116 600 1171 666 καὶ

139 701 413 792 ἐπιγραψάμενος
442 702 635 792 προστάτας
665 711 922 788 συναγωνισταῖς
950 705 1059 788 χρῷτο
1085 699 1171 786 πρὸς

137 802 181 873 τά
204 800 277 873 ὅλα.
318 802 464 872 ένταόθά
488 829 549 889 μοι
570 800 629 887 ούχ
655 802 716 885 εἷς,
745 798 860 890 ύύσπερ
886 800 1170 891 τῴἐῖναχάρσιδι,

60 980 63 985 ,
139 910 194 975 καί
217 896 315 987 οὗτος
339 907 522 996 βάρβαρος,
551 903 569 973 δ
595 907 747 995 Τόξαρις,
774 902 860 973 ἀλλὰ
885 908 1020 987 πολλοὶ,
1047 906 1172 989 μᾶλλον

140 1010 177 1077 δὲ
194 1010 317 1090 πάντες
333 1004 376 1077 τά
395 1006 479 1078 αύτδι
499 1010 601 1094 μόνον
623 1007 682 1077 ούκ
705 1007 822 1089 αὐτοῖς
844 1010 1025 1092 συλλαβαῖς
1047 1008 1171 1096 έλεγον·

139 1102 169 1179 ὦ
196 1114 279 1195 ξένε,
306 1110 428 1179 πολλοὶ
453 1113 514 1197 μὲν
539 1114 595 1179 καὶ
622 1108 719 1179 άλλοι
743 1114 880 1200 χρηστοὶ
904 1113 960 1178 καλ
983 1111 1087 1192 δεξιοὶ
1109 1107 1172 1177 ἀνὰ

138 1213 197 1303 τὴν
223 1215 332 1297 πόλιν,
360 1216 415 1280 καλ
441 1211 501 1281 ούκ
524 1211 564 1281 ἀν
593 1211 760 1297 ἀλλαχόθι
780 1214 961 1293 τοσούτους
983 1207 1092 1301 εύροις
1115 1210 1172 1279 ἀν-

139 1316 219 1407 δρας
237 1312 397 1404 ἀγαθούς,
418 1317 476 1384 δύο
496 1317 532 1383 δὲ
548 1317 694 1403 μάλιστά
713 1316 807 1385 ἐστον
823 1313 901 1405 ἡμῖν
919 1313 1016 1405 ἀνδρε
1034 1311 1169 1404 ἀρίστω,

137 1424 223 1507 γένει
239 1421 298 1504 μέν
315 1422 371 1486 καὶ
389 1415 553 1503 ἀξιώματι
570 1416 657 1486 πολὺ
676 1417 875 1509 προύχοντες
898 1416 1063 1500 ἁπάντων,
1087 1443 1170 1484 παι-

139 1521 213 1609 δεία
240 1522 277 1588 δέ
297 1523 353 1587 καί
373 1521 478 1607 λόγων
501 1521 637 1606 δυνάμει
662 1528 703 1610 τῇ
721 1520 847 1611 Ἀττικῇ
874 1521 989 1588 δεκάδι
1015 1519 1171 1607 παραβά-

137 1624 210 1703 λοις
233 1618 290 1688 ἀν·
325 1620 345 1710 ἦ
374 1621 530 1711 δὲπαρά
555 1629 613 1689 τοῦ
641 1623 745 1709 δήμου
773 1621 886 1691 εύνοια
914 1623 1003 1691 πάνυ
1031 1618 1168 1710 ἐρωτικὴ

138 1722 226 1814 πρὸς
252 1720 386 1804 αύτούς,
413 1726 469 1790 καὶ
490 1727 584 1791 τουτὶ
604 1729 749 1811 γίγνεται
771 1720 792 1792 ό
812 1753 845 1793 τι
868 1722 908 1793 ἀν
931 1716 1023 1793 οὗτοι
1045 1723 1171 1793 έθέλω-

140 1846 207 1896 σιν·
236 1826 394 1916 ἐθέλουσι
420 1824 482 1913 γὰρ
511 1821 590 1893 ότι
617 1823 657 1892 ἀν
685 1822 819 1915 άριοτον
844 1817 866 1916 ᾖ
891 1833 931 1915 τῇ
958 1826 1068 1894 πόλει.
1111 1825 1170 1917 τὴν
1363 1872 1365 1925 3

137 1931 196 2015 μέν
221 1927 284 2019 γὰρ
309 1929 515 2017 χρηστότητα
540 1931 597 1995 καὶ
623 1926 682 2016 τὴν
708 1926 794 2018 πρὸς
819 1926 898 2008 τοὺς
920 1931 1031 2009 ξένους
1052 1932 1170 2017 φιλαν-

26 2119 31 2127 ¹
138 2037 297 2117 θρωπίαν
314 2028 425 2098 καὶτὸ
445 2029 478 2098 έν
494 2035 631 2118 μεγέθει
648 2032 797 2119 τοσούτῳ
812 2026 1040 2119 ἀνεπίφθονον
1057 2033 1113 2097 καί
1130 2029 1168 2099 τό
1364 2060 1367 2149 η

137 2129 206 2219 μετ’
220 2131 351 2214 εύνοίας
373 2132 543 2218 αἰδέσιμον
560 2136 617 2200 καί
637 2132 675 2201 τὸ
695 2139 803 2224 πρᾶον
824 2136 880 2200 καὶ
901 2131 940 2200 τὸ
963 2129 1169 2223 εάπρόσοδον
1366 2152 1367 2197 ι

137 2232 240 2315 αὐτὸς
266 2232 306 2302 ἀν
333 2231 445 2316 ἀλλοις
472 2236 646 2325 διηγήσαιο
673 2238 852 2325 πειραθεὶς
877 2233 992 2322 μικρὸν
1023 2231 1167 2324 ὕστερον.
1366 2200 1368 2293 λ

136 2339 192 2404 καὶ
219 2334 265 2417 ιῖις
289 2339 414 2423 μᾶλλον
439 2338 632 2428 θαυμάσῃς,
664 2345 745 2423 μιᾶς
769 2341 826 2406 καὶ
851 2345 910 2426 της
935 2335 1036 2427 αὐτῆς
1062 2338 1168 2419 οἰκίας
1186 2360 1218 2410 11
1366 2296 1369 2411 λ

139 2436 244 2522 έστὸν,
267 2439 341 2519 υίὸς
361 2442 416 2508 καὶ
438 2439 562 2530 πατὴρ,
588 2438 605 2507 ό
628 2441 697 2526 μέν,
721 2441 755 2508 εἴ
772 2467 847 2508 τινα
868 2441 1006 2509 Σόλωνα
1028 2438 1049 2529 ἢ
1070 2453 1169 2530 Περι·
1368 2444 1369 2451 '

136 2542 215 2609 κλέα
236 2538 473 2632 ἢᾌριστείδην
495 2542 652 2624 ἐπινοεῖς,
674 2538 699 2610 ’ό
728 2543 764 2610 δέ
790 2541 862 2622 υίὸς
883 2547 938 2609 καὶ
965 2541 1089 2632 ὀφθεὶς
1109 2544 1168 2627 μέν

137 2640 255 2711 αύτίκα
277 2643 437 2727 ἐπάξεταί
457 2669 509 2728 σε,
538 2641 623 2713 ούτω
644 2651 747 2733 μέγας
769 2644 840 2712 ἐστὶ
865 2648 920 2712 καὶ
947 2643 1047 2724 καλὸς
1073 2642 1169 2735 ἀρρε-

136 2746 250 2835 νωπήν
267 2774 341 2816 τινα
357 2746 416 2835 τὴν
438 2744 636 2837 εύμοριγίαν·
664 2748 695 2816 εἰ
713 2748 749 2816 δέ
770 2749 827 2814 καὶ
849 2751 1033 2838 φθέγξαιτο
1055 2746 1165 2832 μόνον,

137 2848 330 2944 οίηχήσεταί
357 2875 394 2919 σε
426 2846 496 2918 ἀπὸ
526 2857 593 2919 τῶν
625 2845 718 2917 (όταν
750 2846 1009 2938 ἀναδησάμενος,
1046 2849 1168 2917 τοσαύ-

135 2975 194 3037 την
212 2949 405 3040 Ῐίφροδίτην
432 2950 490 3021 έπί
514 2959 556 3043 τῇ·
580 2952 707 3041 γλώττῃ
735 2948 753 3020 ό
780 2958 947 3032 νεανίσκος
969 2951 1044 3034 ἐ’χει.
1089 2947 1112 3040 ἥ
1132 2956 1170 3039 γέ

134 3076 191 3120 τοι
208 3054 308 3134 πόλις
325 3051 443 3125 ἅπασα
459 3056 626 3145 κεχηνότες
644 3053 746 3124 αύτού
759 3052 944 3136 ἀκούουσιν,
965 3053 1092 3123 ὁπόταν
1110 3054 1168 3142 δη-

134 3155 331 3245 μηγορήσων
348 3161 517 3249 παρέλθῃ,
541 3156 661 3228 ὁποῖόν
684 3183 769 3248 φασι
786 3156 863 3238 τοὺς
883 3158 959 3225 τότε
973 3154 1168 3245 Ἀθηναίους

135 3255 224 3344 πρὸς
243 3255 300 3326 τὸν
322 3264 381 3325 τοῦ
398 3261 548 3328 Κλεινίου
571 3266 793 3342 πεπονθέναι,
822 3257 900 3351 παρ’
916 3255 994 3327 ὅσον
1015 3271 1088 3338 τοῖς
1108 3260 1168 3343 μέν

136 3356 196 3428 ούκ
222 3357 256 3441 ἀς
280 3358 408 3450 μακρὰν
432 3367 631 3451 μετεμέλησε
655 3368 714 3431 τού
742 3359 877 3451 ἔρωτος,
906 3359 943 3429 δν
968 3356 1166 3450 ἠράσθησαν

134 3469 194 3532 τοῦ
217 3459 435 3549 Ἀλκιβιάδου,
471 3470 587 3532 τοῦτον
617 3466 654 3532 δὲ
682 3460 702 3553 ἦ
734 3465 834 3545 πόλις
864 3460 902 3532 οά
933 3466 1027 3552 φιλεῖ
1054 3462 1165 3548 μόνον,

135 3561 220 3633 ἀλλά
241 3567 298 3633 καί
318 3565 494 3634 αἰδεῖσθαι
515 3560 576 3655 ἤδη
601 3563 705 3649 ἀξιοῖ,
732 3570 788 3635 καλ
806 3562 892 3647 όλυις
914 3568 947 3634 ἓν
968 3571 1066 3633 τοῦτο
1089 3560 1166 3653 ἡμῖν

14 3696 15 3699 ’
136 3666 296 3753 δημόσιον
323 3663 454 3755 ἀγαθόν
481 3667 552 3737 ἔστι
577 3671 632 3735 καὶ
657 3674 741 3758 μέγα
767 3666 890 3759 όφελος
915 3665 1056 3749 ἅπασιν,
1085 3664 1165 3754 ἀνὴρ

15 3764 17 3825 ἶ
136 3758 243 3850 οὗτος.
279 3769 310 3839 εί
332 3769 371 3859 δὴ
395 3766 494 3852 αύτός
515 3774 627 3839 τεκαὶ
650 3767 668 3839 ό
691 3769 800 3861 πατὴρ
824 3769 925 3842 αύτοῦ
954 3771 1100 3854 δέξαιντό
1129 3793 1166 3836 σε

16 3920 19 3953 ,
134 3873 191 3940 καί
209 3875 306 3960 φίλον
327 3872 539 3962 ποιήσαιντο,
563 3878 676 3942 πᾶσαν
698 3871 782 3957 δχεις
802 3874 860 3964 τὴν
882 3875 991 3957 πόλιν,
1014 3876 1069 3940 καὶ
1092 3870 1166 3939 ἔπι-

17 3974 19 3991 '
135 3985 248 4044 σεῖσαι
270 3973 332 4064 χρὴ
357 3973 415 4065 τὴν
437 3988 546 4068 χεῖρα,
573 3983 671 4044 τοῦτο
697 3976 807 4062 μόνον,
834 3980 889 4045 καὶ
916 3974 1016 4044 οὖκέύ
1037 3972 1166 4044 ἐνδοιά-

18 4104 21 4181 ss
133 4098 220 4162 σιμα
240 4073 283 4144 τὰ
305 4077 359 4147 σά.
397 4085 502 4148 ταῦτα
522 4077 560 4170 νὴ
582 4077 639 4148 τὸν
661 4076 716 4148 Δί’
733 4074 877 4160 ἀπαντες
904 4079 1021 4167 ελεγον,
1050 4077 1080 4145 ελ
1104 4076 1165 4166 χρὴ
