2724 4634
129 248 134 255 ’
227 221 291 288 1ίῖ
617 222 873 288 ΑΟΥΚΙΑΝΟῩ

247 384 250 391 ,
277 343 373 401 ΤΡΙΤ.
403 330 574 423 Ἦίίθηνά
591 331 649 423 τὴν
664 331 795 402 ἀσπίδα
806 341 1042 425 προφαίνουσα
1058 374 1102 388 -·
1117 344 1259 410 τοιαύτά

227 437 288 528 γὰρ
306 435 431 528 ἤκουσα
449 439 660 525 διηγουμένου
680 434 782 507 αύτού
800 437 886 523 πρὸς
902 436 961 528 τὴν
969 436 1184 526 Ἀνδρομέδαν
1201 444 1261 512 καί

226 541 312 628 πρὸς
328 537 386 608 τὸν
402 545 520 628 Κηφέα
541 536 678 628 ὕστερον
696 579 738 590 -
754 537 775 629 ἦ
789 537 912 629 Ἀθηνᾶ
935 540 974 630 δὴ
997 540 1056 610 ίπί
1076 548 1135 631 τῆς
1152 539 1258 613 ἀσπί-

227 645 285 722 δος
298 639 565 730 ἀποστιλβούσης
580 639 693 731 ὥσπερ
708 642 766 711 ίπί
782 643 971 731 κατόπτρου
985 647 1147 732 παρέσχεν
1166 642 1258 736 αάτῷ

227 745 309 813 ίδεῖν
325 743 383 830 τὴν
397 744 511 813 ἐἰκόνα
531 750 589 833 τῆς
605 746 793 832 Μεδούσης·
821 744 893 814 εἶτα
914 746 1095 832 λαβόμενος
1114 753 1155 835 τῇ
1177 749 1260 838 λαιᾷ

226 853 285 935 τῆς
300 847 418 936 κόμης,
446 844 566 936 ἐνορῶν
585 843 616 915 δ’
628 845 662 928 ἐς
677 847 736 936 τὴν
754 848 876 931 εἰκόνα,
903 855 943 938 τῇ
962 850 1054 938 δεξιᾷ
1070 845 1129 938 τὴν
1147 845 1260 940 ἀρπην

227 948 322 1032 ἐ’χιον,
350 945 546 1036 ἀπέτεμε
511 976 571 1040 την
587 950 730 1040 κεφαλην
749 947 862 1039 αὐτῆς,
889 953 945 1019 καί
961 952 1040 1036 πρὶν
1057 948 1262 1040 ἀνεγρέσθαι

193 1074 208 1122 3
226 1050 285 1131 τὰς
299 1047 447 1139 ἀδελφὰς
461 1048 635 1122 ἀνέπτατο.
659 1053 734 1122 ἐπεί
746 1054 782 1121 δὲ
794 1052 879 1121 κατὰ
888 1080 946 1142 την
959 1054 1138 1178 παράλιον.
1137 1054 1265 1177 ταύτην

225 1154 416 1223 Αἰθιοπίαν
439 1153 578 1241 ἐγένετο,
606 1152 668 1245 ἤδη
691 1158 870 1244 πρόσγειος
890 1156 1085 1242 πετόμενος,
1114 1152 1177 1245 ὁρᾷ
1199 1154 1261 1244 τὴν

223 1253 346 1341 Ανδρογ
347 1257 436 1323 ιέδαν
466 1264 680 1346 προκειμένην
711 1259 771 1326 ἐπί
799 1283 887 1337 τινος
917 1263 1041 1347 πέτρας
1070 1261 1260 1346 προβλῆτος

226 1361 635 1447 προσπεπατταλευμένην,
650 1364 832 1447 καλλίστην,
844 1351 972 1439 ιοθεολ,
992 1358 1234 1446 καθειμενην
1197 1385 1260 1440 τας

226 1462 345 1545 κόμας,
364 1457 544 1549 ἡμίγυμνον
561 1461 647 1530 πολὺ
666 1461 798 1550 ἐ’νερθεν
815 1469 880 1530 τῶν
897 1467 1047 1546 μαστῶν·
1069 1459 1181 1531 καὶτὸ
1199 1462 1259 1547 μέν

226 1569 360 1650 πρῶτον
385 1563 546 1652 οἰκτείρας
567 1562 626 1654 τὴν
647 1566 744 1651 τύχην
767 1561 868 1652 αύτῆς
889 1561 1043 1654 ἀνηρώτα
1062 1561 1120 1651 τὴν
1147 1563 1288 1632 αἰτίαν*

226 1671 284 1752 τῆς
300 1666 484 1752 καταδίκης,
504 1664 587 1733 κατά
604 1666 719 1755 μικρὸν
738 1668 775 1735 δέ
793 1664 892 1746 ἀλοδς
909 1665 1007 1756 έροιτι
1024 1705 1065 1715 -
1084 1664 1178 1753 ἐχρῆν
1195 1663 1260 1756 γὰρ

227 1772 404 1835 σεσῶσθαι
420 1766 478 1857 τὴν
496 1770 604 1836 παῖδα
621 1809 664 1819 -
680 1775 820 1857 βοηθεῖν
839 1770 968 1855 διέγνω·
986 1764 1127 1856 κάπειδή
1147 1767 1185 1837 τό
1202 1775 1258 1856 κῆ-

226 1894 284 1950 τος
302 1867 398 1959 ἀπῄει
414 1871 505 1954 μάλα
522 1869 666 1961 φοβερὸν
684 1869 730 1952 τίς
752 1872 993 1956 καταπιόμενον
1014 1868 1073 1958 τὴν
1088 1866 1261 1956 Ἀνδρομέ-

228 1973 296 2055 δαν,
316 1969 786 2062 ύπεραιιορηθείςόνεανίσκος
795 1975 975 2062 πρόκωπον
985 1972 1065 2055 έχων
1074 1972 1132 2061 τὴν
1147 1968 1260 2062 ἀρπην

226 2082 266 2164 τῇ
283 2076 342 2160 μὲν
360 2082 575 2156 καθικνεῖται,
595 2082 635 2165 τῇ
654 2076 690 2143 δὲ
707 2073 902 2164 προδεικνὺς
918 2074 975 2164 τὴν
992 2076 1140 2163 Γοργόνα
1158 2079 1259 2143 λίθον

228 2176 338 2245 ἐποίει
355 2175 434 2245 αὐτὸ
439 2229 448 2259 ,
471 2176 510 2245 τὸ
530 2179 565 2246 δὲ
582 2183 737 2264 τέθνηκεν
755 2175 839 2263 όμού
856 2181 1078 2265 καὶπέπηγεν
1096 2175 1198 2246 αὐτοῦ
1217 2176 1262 2244 τὰ

226 2277 346 2361 πολλὰ,
367 2275 431 2347 δσα
449 2277 517 2347 είδε
533 2279 591 2368 τὴν
604 2281 791 2350 Μέδουσαν·
811 2278 881 2348 ὁδί
895 2280 998 2359 λύσας
1015 2278 1058 2347 τὰ
1075 2278 1183 2365 δεσμὰ
1200 2286 1264 2368 τῆς,

226 2386 410 2466 παρθένον,
430 2378 651 2470 ύποσχύιντὴν
658 2395 754 2472 χεῖρα
768 2379 950 2464 ἀπεδέξατο
964 2379 1169 2470 ἀκροποδητὶ
1182 2408 1263 2449 κατ-

228 2490 344 2552 ιοῦσαν
362 2480 396 2550 έκ
413 2489 471 2572 τῆς
488 2489 613 2570 πέτρας
631 2481 815 2575 ὀλισθηρᾶς
833 2482 941 2573 ούσης,
964 2487 1020 2552 καί
1036 2491 1091 2552 νῦν
1108 2496 1211 2571 γαμεῖ
1226 2483 1260 2552 ἒν

226 2591 286 2652 τοῦ
304 2589 445 2675 Κηφέως
462 2590 517 2653 καὶ
535 2583 776 2677 ἀπάξειαύτίην
794 2589 843 2667 είς
856 2585 974 2677 Ἄργος,
995 2581 1081 2655 ὥστε
1099 2583 1172 2656 ἀντὶ
1189 2592 1260 2653 θα-

226 2688 325 2755 νύτοο
344 2688 449 2775 γάμον
468 2685 505 2756 ού
523 2686 581 2756 τὸν
597 2691 736 2773 τυχόντα
753 2686 881 2779 ηύρετο.

194 2804 211 2853 4
279 2806 330 2861 ΙΦ.
363 2787 443 2881 Ἐγώ
460 2793 520 2876 μὲν
538 2788 576 2858 ού
595 2795 683 2860 πάνυ
701 2799 748 2881 τῷ
766 2793 913 2879 γεγονότι
927 2789 1146 2876 ἀχθομαι·τί
1156 2786 1258 2878 γὰρὴ

227 2904 310 2971 παῖς
328 2888 469 2980 ἠδίκει“
451 2919 485 2982 ηγ
472 2899 548 2977 μᾶς,
567 2894 601 2962 εί
615 2921 649 2962 τι
666 2922 687 2983 η
704 2896 811 2984 μήτηρ
826 2895 1075 2983 ἐμεγαλαυχεῖτο
1088 2895 1145 2963 καί
1161 2890 1257 2982 ἠξίου
1349 2968 1350 2977 ¹

225 2995 365 3061 καλλίων
384 2991 484 3078 είναις

274 3103 355 3159 Aa?
365 3087 1280 3189 Οτιουτωςανηλγηοενεπλτηθυγατρίμητηργεουσα

276 3206 327 3261 ΙΦ
361 3203 709 3287 Μηκέιιμεμνοίμεθα,
729 3192 866 3288 ωΔωρλ,
886 3201 952 3269 έκεί
938 3206 1023 3282 ίνιον,
1044 3204 1075 3268 ει
1087 3227 1120 3266 τι
1128 3198 1264 3285 βαρβα

225 3326 284 3389 ρος
295 3328 372 3391 γυνη
358 3299 507 3392 υπδρ
474 3329 531 3392 την
541 3301 596 3386 αξ
596 3330 634 3372 αν
644 3302 835 3392 ίλαλησεν
823 3329 931 3392 ικανην
938 3329 1001 3393 γαρ
1010 3328 1087 3390 ημιν
1095 3283 1257 3390 τιμωρίαν

226 3403 327 3473 ἔδωκε
344 3404 614 3494 φοβηθεῖσαπί
572 3430 670 3495 πτη
656 3408 798 3475 παιδί.
775 3411 871 3491 ίχα
871 3411 992 3496 ίριομεν
1010 3395 1066 3474 σύν
1083 3409 1130 3491 τῷ
1147 3402 1257 3491 γάμῳ.

721 3590 763 3648 15.
1347 3610 1348 3645 ι

368 3758 374 3770 ,
501 3692 800 3751 τανύσσεται
820 3694 980 3753 αοεοε.
1137 3670 1142 3679 ’

192 3827 206 3873 1
274 3820 358 3876 ΖΕΦ.
400 3811 443 3884 ού
460 3816 601 3885 πιόποτε
614 3841 754 3905 πομπην
767 3813 830 3904 ίγώ
843 3816 1195 3903 μεγαλοπρεπεστέραν
1208 3807 1258 3880 εί-
1346 3862 1347 3875 ,

226 3914 316 3987 δονί
317 3944 389 4007 ντη
373 3919 572 4010 θαλάττη,
597 3910 710 4011 ἀφ’
671 3945 710 3989 ου
727 3919 814 4009 γε’
783 3944 853 4007 ειμι
868 3921 924 3987 καί
937 3922 1041 3989 πνέω.
1080 3913 1122 3985 σύ
1142 3911 1235 3984 δέ
1196 3937 1257 3982 ουκ

225 4010 368 4099 είδες,
340 4045 367 4086 ω
385 4021 489 4107 Νύτες
