2722 4646
179 731 310 798 ΠΕΡΙ
338 727 440 812 ΤΟΥ
464 729 731 797 ΕΝΥΠΝΙΟΥ
756 728 887 799 ΗΤΟΙ
912 732 1037 800 ΒΙΟΣ

218 854 221 859 ’
447 840 772 910 ΛΟΥΚΙΑΝΟΥ,

132 1044 298 1138 Ἀρτιν
236 1047 298 1134 μὲν
314 1044 509 1133 ἐπεπαύμην
523 1045 605 1131 ἐς
569 1072 611 1114 τα
630 1046 843 1115 διδασκαλεῖα
856 1054 982 1137 φοιτῶν
995 1045 1103 1137 ἤδη
1068 1075 1128 1137 την
1146 1070 1160 1120 1

96 1145 181 1238 ἦλικί
181 1176 223 1217 αν
234 1146 466 1278 πρόσηβος
438 1175 497 1230 ων,
527 1144 545 1215 5
569 1150 605 1217 δὲ
626 1148 736 1238 πατὴρ
758 1149 932 1218 ἐσκοπεῖτο
957 1150 1041 1235 μετὰ
1062 1159 1127 1219 τῶν

96 1247 242 1342 φί”λων
222 1278 240 1319 ο
258 1279 292 1318 τι
312 1254 368 1317 καὶ
391 1251 598 1337 διδάξαιτόρ
600 1277 637 1319 ιε
681 1264 753 1331 τοῖς
769 1255 848 1319 πλεί
835 1259 939 1333 ίστοις
962 1244 1017 1320 σύν
1036 1253 1127 1335 ἐδοξε

94 1355 211 1422 παιδεί
198 1359 234 1421 ία
239 1354 318 1440 μὲν
343 1356 399 1420 καί
423 1353 530 1422 πόνου
556 1356 683 1421 πολλοῦ
708 1357 765 1421 καὶ
783 1355 901 1442 χρόνον
923 1362 1050 1443 μακροῦ
1071 1359 1128 1422 καὶ

95 1458 247 1544 δαπάνης
269 1453 308 1522 ού
330 1462 448 1544 μικρᾶς
469 1459 525 1522 καὶ
545 1457 642 1544 τύχης
669 1457 806 1524 δεῖσθαι
831 1459 1000 1543 λαμπράς,
1028 1456 1071 1525 τὰ
1094 1455 1124 1525 δ’

93 1555 237 1646 ἡμέτερα
258 1559 358 1685 μικρά
379 1584 416 1625 τε
438 1554 523 1625 εἶναι
544 1562 599 1625 καί
616 1560 749 1641 ταχεῖάν
766 1585 839 1626 τινα
860 1558 918 1647 τὴν
937 1559 1127 1647 ἐπικουρίαν

94 1658 266 1729 ἀπαιτεῖν
301 1686 331 1727 ει
322 1661 391 1727 δέ
411 1685 485 1727 τινα
505 1665 615 1748 τέχνην
640 1668 707 1728 τῶν
729 1662 903 1746 βαναύσων
924 1662 1048 1729 τούτων
1076 1661 1127 1728 ἐκ·

92 1765 257 1848 μάθοιμι,
285 1761 369 1847 τδμ
359 1763 405 1829 ινέ
389 1769 559 1849 νπριῦτον
582 1759 731 1842 εύθὺς
708 1790 749 1830 αν
771 1761 871 1842 αὐτὸς
898 1762 981 1847 ἐχειν
1001 1762 1044 1831 τδι
1066 1760 1126 1852 άρ-

93 1873 212 1933 κοῦντα
229 1862 324 1949 παρὰ
340 1871 399 1952 τῆς
415 1870 526 1952 τέχνης
542 1868 598 1931 καὶ
619 1870 720 1952 μηκέτ
717 1862 913 1944 ὀἰκόσιτος
935 1863 1019 1932 εἶναι
1035 1869 1127 1952 τηλι-

94 1974 209 2046 κοῦτος
227 1963 286 2049 ὢν,
316 1963 373 2033 οάκ
389 1966 425 2046 ἐς
445 1963 572 2055 μακρὰν
595 1967 631 2033 δὲ
652 1965 782 2033 καὶτὸν
803 1972 932 2052 πατέρα
953 1965 1126 2056 εύηνρανεῖν

95 2067 276 2195 ἀποηνέρων
308 2066 361 2135 ἀεὶ
389 2067 428 2136 τὸ
459 2069 657 2156 γιγνόμενον.
709 2070 862 2157 δευτέρας
889 2060 946 2136 οὖν
977 2075 1158 2154 σκέψεωςο

94 2168 173 2260 ἀρχη
193 2168 426 2259 προύτέθητ
408 2179 459 2250 τίς
478 2168 594 2260 ἀρίστη
611 2177 678 2239 τῶν
694 2179 813 2255 τεχνῶν
831 2174 886 2238 καλ
904 2171 1007 2260 ῥᾴστη
1028 2170 1126 2271 ἐκμα-

92 2281 168 2342 θεῖν
183 2277 243 2340 καί
261 2270 355 2361 ἀνδρὶ
374 2272 538 2361 ἐλευθέρω
557 2279 734 2363 πρέπουσα
748 2277 803 2341 καί
815 2274 991 2362 πρόχειρον
1006 2273 1125 2357 έχουσα

91 2402 151 2463 την
167 2382 322 2462 χορηγίαν
339 2379 394 2442 καὶ
413 2374 578 2465 διαρκη
546 2402 602 2443 τον
620 2377 735 2465 πόρον.
781 2371 953 2443 ἀλλουί
900 2383 953 2444 τοί
953 2403 1008 2444 νυν
1026 2373 1126 2464 ἀλλην

93 2474 383 2558 ἐπαινοῦντος,ε
358 2503 404 2558 ως
426 2477 561 2555 ἕκαστος
582 2504 712 2566 μνωμης
732 2506 752 2566 η
746 2475 950 2564 ἐμπειρίας
973 2475 1123 2561 ελχεν,’
1105 2503 1123 2545 ο

92 2578 203 2668 πατὴρ
218 2578 252 2658 ἐς
263 2577 321 2647 τὸν
334 2585 433 2646 θεῖον
449 2576 589 2660 ἀπιδών,
599 2616 643 2628 -
656 2586 765 2666 παρῆν
782 2578 844 2667 γὰρ
863 2577 881 2646 5
900 2579 987 2668 πρὸς
1003 2579 1126 2668 μητρὸς

92 2688 205 2762 θεῖος,
227 2678 362 2769 ἀριστος
380 2680 586 2769 ἑρμογλύφος
603 2677 688 2748 εἶναι
705 2682 811 2747 δοκιῦν
827 2720 870 2731 —-
889 2678 926 2748 ού
944 2687 1059 2765 θέμις,
1079 2678 1126 2748 εἶ-

92 2809 167 2867 πεν,
188 2781 289 2870 ἀλλην
306 2788 416 2870 τέχνην
435 2781 620 2870 ἐπικρατεῖν
634 2789 694 2852 σοῦ
709 2783 888 2871 παρόντος,
907 2779 992 2850 ἀλλὰ
1008 2788 1125 2850 τοῦτον

95 2883 153 2974 άμε
170 2922 215 2934 --
234 2886 343 2966 δείξας
361 2884 418 2970 ἐμέ
434 2924 477 2935 ·—
493 2889 550 2952 καλ
568 2886 702 2959 δίδασκε
723 2884 925 2974 παραλαβὼν
947 2888 1054 2954 λίθων
1072 2884 1125 2974 ἐρ-

92 2990 195 3076 γάτην
205 2983 335 3074 ἀγαθόν
349 2983 432 3055 εἶναι
444 2990 500 3055 καὶ
513 2986 736 3076 συναρμοστὴν
748 2991 804 3055 καί
817 2987 1048 3077 ἐρμομλυφεῖν·
1067 2987 1125 3054 δύ-

91 3117 191 3159 ναται
207 3088 268 3179 μὰρ
286 3091 341 3156 καὶ
359 3096 456 3157 τοῦτο
476 3091 608 3179 φύσεώς
620 3115 670 3178 με,
690 3086 737 3169 ὥς
751 3086 865 3172 οἶσθα,
883 3088 988 3174 τυχών
1003 3092 1122 3171 δεξιάς.

92 3191 302 3280 ἐτεκμαίρετο
326 3191 362 3258 δέ
383 3205 457 3272 ταῖς
479 3191 513 3259 ἐκ
534 3199 592 3260 τοῦ
614 3198 713 3280 κηροῦ
736 3193 904 3272 παιδιαῖς·
936 3189 1040 3260 ὁπότε
1061 3189 1123 3280 γὰρ

92 3292 259 3385 ἀφεθείην
276 3291 344 3361 άπὸ
361 3300 427 3362 τῶν
446 3295 663 3375 διδασκάλων,
689 3290 840 3376 ἀποξέων
858 3290 898 3361 ἀν
914 3293 972 3362 τὸν
988 3293 1086 3384 κηρὸν
1103 3290 1125 3381 ἢ

90 3404 173 3485 βοῦς
189 3395 357 3486 ἢ’ἵππους
373 3393 395 3485 ἢ
411 3399 467 3464 καὶ
483 3395 522 3485 νὴ
539 3393 594 3466 Δί’
614 3393 817 3486 ἀνθρώπους
835 3394 1049 3475 ἀνέπλαττον,
1078 3395 1127 3462 εί-

91 3501 212 3580 κότως,
238 3495 284 3578 ὥς
302 3497 436 3566 ἐδόκουν
452 3505 500 3587 τῷ
521 3504 639 3585 πατρί·
666 3495 718 3585 ἐφ’
733 3497 784 3579 οἷς
800 3498 894 3586 παρὰ
910 3500 969 3583 μὲν
990 3504 1056 3564 τῶν
1074 3498 1125 3563 δι-

93 3603 267 3670 δασκάλων
284 3599 413 3688 πληγάς
430 3599 624 3687 ἐλάμβανον,
643 3600 720 3668 τότε
738 3602 775 3668 δέ
793 3600 928 3680 ἐπαιύος
946 3599 979 3679 ἐς
995 3597 1053 3687 τὴν
1071 3595 1125 3666 εύ-

94 3707 196 3793 ῲυῖαν
213 3706 270 3771 καλ
285 3709 390 3791 ταύηα
406 3693 458 3792 ἦν,
485 3706 541 3770 καὶ
555 3701 700 3791 χρηστὰς
721 3700 807 3786 εἶχον
830 3700 845 3768 ἐ
845 3698 971 3787 π’ἐμολ
991 3699 1051 3781 τὰς
1073 3700 1125 3768 ἐλ-

93 3807 231 3887 πίδας,
239 3803 285 3886 ὥς
302 3804 335 3874 ἐν
351 3812 468 3893 βραχεῖ
483 3807 683 3894 μαθήσομαι
704 3832 761 3893 την
778 3810 902 3892 τέχνην,
931 3799 980 3869 ἀπ
978 3800 1070 3871 ἐκεῖ
1056 3809 1124 3893 ίνης

14 3888 16 3963 λ
94 3932 130 3995 με
145 3934 206 3997 της
222 3909 414 3997 πλαστικης.
459 3903 528 3993 άμα
548 3931 585 3974 τε
607 3898 665 3974 ούν
687 3903 872 3996 ἐπιτήδειος
897 3902 1038 3974 ἐδόκει(
1019 3912 1157 4031 ημέραο

14 4002 16 4101 ζ
95 4014 206 4101 τέχνης
228 4009 440 4098 ἐνάρχεσθαι,
467 4007 557 4099 κάμω
579 4010 807 4100 παρεδεδόμην
824 4037 871 4099 την
857 4015 966 4165 θΙεί
950 4035 975 4098 ῳ
997 4007 1046 4096 μὰ
1067 4007 1124 4078 τὸν
