2740 4648
253 229 318 295 262
611 193 615 200 ’
636 224 892 303 σοκκιεαοκ

250 347 365 421 πόλει·
393 340 511 433 δεῆσαν
534 343 570 410 QQ
592 344 647 409 καὶ
665 339 879 430 ἀποδημῆσαί
900 365 984 411 ποτε
1005 339 1043 410 τὸ
1065 343 1125 428 μέν
1142 349 1278 430 πρῶτον

247 447 353 515 έκεῖνο
365 452 492 517 παθεῖν
505 443 568 534 ἔφη
581 444 799 533 γελοιότατον,
819 445 1082 531 συγκαθίζεσθαι
1096 443 1173 532 παρ’
1185 443 1278 537 αύτῷ

251 547 508 636 παραδεδόσθαι
523 547 703 637 φιλοσόφῳ
722 543 794 615 όντι
810 547 954 616 κίναιδόν
966 572 1050 617 ,τινα
1070 554 1137 616 τῶν
1154 574 1280 618 πεπιτ-

251 655 407 736 τωμένων
418 647 461 717 τά
479 652 574 737 σκέλη
593 647 720 718 καὶτὸν
737 648 882 736 πιόγωνα
898 651 1196 739 περιεξυρημένων·
1218 648 1278 720 διὰ

249 759 345 841 τιμῆς
364 750 395 820 δ’
412 749 509 820 αὑτὸν
528 750 644 841 ἐκείνη,
668 749 714 832 ιὺς
730 750 768 819 τὸ
788 749 887 833 εἰκὸς,
910 741 981 839 ἦγε,
1003 754 1059 820 καλ
1076 749 1222 838 τούνομα
1240 754 1278 822 QQ

249 861 307 923 τοῦ
329 856 475 921 κιναίδου
498 846 760 942 ἇπεμνημόνευε,
788 852 980 922 Χελιδόνιον
1000 852 1065 942 γάρ
1085 857 1277 925 καλεῖσθαι.

239 963 348 1024 ,τοῦτο
365 962 473 1024 τοίνυν
491 962 624 1044 πρῶτον
642 953 765 1044 ἡλίκον,
789 960 981 1046 σκυθρωπῷ
1003 958 1059 1023 καλ
1075 961 1203 1046 γέροντι
1219 955 1279 1026 άν-

249 1061 304 1148 δρί
321 1061 375 1126 καὶ
393 1061 501 1146 πολιῷ
518 1056 556 1126 τὸ
574 1063 697 1146 γένειον
715 1096 756 1108 ·-
774 1056 881 1127 οἶσθα
899 1059 935 1126 δέ
948 1054 995 1138 ὥς
1006 1056 1117 1143 βαθύν
1130 1058 1279 1146 πώγωνα

241 1165 306 1229 ,καί
324 1158 440 1245 σεμνὸν
458 1156 477 1227 Q
497 1161 704 1244 Θεσμόπολις
718 1156 782 1244 εἶχε
799 1199 843 1211 -
859 1161 1158 1250 παρακαθίζεσθαι
1172 1168 1279 1250 φῦκος
1323 1174 1326 1179 ’

245 1263 489 1350 ἐντετριμμένον
510 1267 566 1330 καὶ
588 1261 873 1352 ὑπογεγραμμένον
894 1261 972 1344 τοὺς
995 1260 1194 1352 ὀφθαλμοὺς
1218 1267 1280 1333 καί

138 1440 143 1451 ,
246 1369 539 1449 διασεσαλευμένον
556 1363 594 1433 τὸ
615 1369 746 1453 βλέμμα
767 1364 901 1434 καὶτὸν
922 1365 1081 1454 τράχηλον
1104 1363 1279 1433 ἐπικεκλα-

248 1473 374 1555 σμένον,
399 1464 436 1535 οὑ
453 1469 606 1550 χελιδόνα
622 1467 671 1553 μά
689 1465 754 1550 Δί’,
780 1464 864 1535 ἀλλὰ
885 1469 977 1554 γῦπά
994 1492 1068 1536 τινα
1090 1472 1280 1556 περιτετιλ-

246 1576 343 1656 μένον
361 1575 419 1636 τού
437 1570 597 1656 πώγωνος
613 1570 655 1638 τὰ
673 1569 793 1658 πτερὰ,
822 1573 878 1638 καὶ
899 1570 933 1637 εἲ
945 1595 982 1658 γε
1003 1569 1048 1658 μὴ
1072 1568 1182 1638 πολλά
1200 1572 1279 1660 δεη-

247 1678 350 1758 θῆναι
368 1668 481 1753 αὑτοῦ,
504 1671 632 1741 καὶτὸν
653 1674 855 1762 κεκρύφαλον
877 1672 992 1757 έχοντα
1013 1671 1070 1740 ἐπὶ
1086 1679 1126 1762 τῇ
1148 1676 1279 1764 κεφαλῇ

245 1770 286 1840 ἂν
310 1775 587 1873 συγκαθίζεσθαι·
613 1773 655 1843 τὰ
681 1773 712 1842 δ’
729 1766 785 1842 οὖν
811 1771 895 1842 ἄλλα
916 1771 995 1862 παρ’
1011 1770 1088 1862 ὑλην
1108 1772 1167 1862 τὴν
1194 1772 1277 1845 ὁδὸν

245 1903 309 1967 μυρ
312 1881 365 1956 ίας
381 1875 442 1956 τὰς
460 1873 538 2002 ρἰηδί
538 1902 577 1956 ας
595 1873 800 1960 ἀνασχέσθαι
816 1875 1002 1966 ὑπᾴδοντος
1022 1901 1064 1943 κα
1066 1877 1278 1966 λτερετίζον-

244 2003 310 2060 τος,
330 2004 360 2046 ει
350 1977 469 2046 QQ
430 2006 475 2067 μη
494 1978 620 2062 ἐπεῖχεν
638 1977 750 2060 αὐτὸς,
769 1979 852 2058 ἰ’σως
870 1976 908 2047 ὑν
926 1980 980 2074 καὶ
999 1975 1196 2066 ὀρχουμένου
1215 1979 1278 2048 ἐπὶ

199 2098 233 2150 34
249 2088 307 2169 τῆς
330 2078 465 2169 ὑπήνης.
506 2081 631 2170 ἕτερον
627 2077 666 2148 ”δ
684 2071 740 2148 οὑν
761 2107 795 2148 τι
816 2083 871 2148 καί
892 2088 1042 2149 τοιοῦτον
1060 2078 1148 2170 αύτῷ
1166 2106 1278 2171 προσ-

244 2190 421 2308 ταχθῇναι
440 2182 657 2251 καλέσασα
616 2209 683 2271 γαρ
703 2181 801 2250 αὑτὸν
818 2179 928 2271 vavQ
943 2180 1187 2268 “Θεσμόπολι,”’
1207 2209 1277 2274 φη-

241 2282 358 2366 σίν,“
362 2280 466 2364 οὑτως
489 2282 596 2366 ύναιο,
622 2285 717 2373 χάριν
736 2282 773 2352 ού
791 2284 908 2374 μικρὰν
931 2282 1068 2375 αἰτοόση
1091 2283 1150 2366 δὸς
1170 2288 1276 2376 μηδὲν

244 2384 407 2454 ἀντειπὼν
419 2385 498 2474 μηδ’
510 2384 604 2467 ὑπιος
617 2386 675 2456 ἐπὶ
686 2390 786 2455 πλέον
801 2413 860 2456 σου
873 2387 1033 2476 δεήσομαι
1048 2385 1274 2476 περιμείνας.”

241 2494 302 2556 τοῦ
320 2489 365 2571 QQ,
385 2485 468 2578 ὑπερ
487 2487 573 2571 εἰκὸς
590 2481 638 2578 ἦν,
658 2487 882 2575 ὑποσχομένου
896 2492 1006 2560 πάντα
1022 2490 1159 2581 πράξειν
1172 2488 1277 2560 ί’δέο-

242 2597 305 2677 μαί
323 2615 382 2659 σου
399 2589 528 2674 τούτο,”
549 2591 611 2681 ἐ’φη
626 2589 787 2680 “χρηστὸν
806 2590 918 2682 ὑριῦσά
932 2617 969 2660 σε
986 2595 1042 2660 καὶ
1059 2590 1198 2682 έπιμελῇ
1215 2598 1276 2663 καὶ

241 2694 470 2820 φιλόστοργον,
494 2692 552 2783 τὴν
569 2695 648 2763 κύνα
665 2694 703 2782 ἣν
722 2692 826 2763 ολσθα
842 2694 899 2784 τὴν
916 2700 1080 2784 Μυρρίνην
1098 2693 1276 2781 ἀναλαβὼν

243 2795 277 2874 ές
302 2794 341 2863 τὸ
365 2793 471 2920 ὄχημα
497 2797 642 2886 φύλαττέ
661 2821 721 2881 μοι
746 2801 801 2864 καλ
827 2794 1033 2882 ἒπεμελοῦ”
1012 2823 1106 2878 οπως
1131 2797 1276 2883 μηδενὸς

243 2895 392 2983 ἐνδεὴς”
374 2918 481 2965 εσται·
507 2900 681 2988 βαρύνεται
702 2925 764 2987 γαρ
786 2926 805 2986 η
834 2896 997 2967 άθλία
965 2927 1022 2988 την
1045 2904 1205 3028 γαστέρα
1214 2905 1276 2968 καὶ

243 2987 401 3082 σχεδὸνί
376 3025 482 3079 αις
439 2998 497 3067 Q
485 3003 552 3082 ίτεξ
568 3000 668 3068 έστίν
688 3025 721 3066 οι
710 3001 775 3068 ‘QQ
791 3001 972 3090 κατάρατοι
990 2992 1081 3069 οὑτοι
1097 3005 1153 3068 καὶ
1171 2997 1276 3072 ἄπει-

241 3106 318 3181 θεῖς
336 3100 513 3169 ολκέται’
478 3127 536 3186 ουχ
553 3098 646 3181 ὅπως
664 3100 730 3169 έκεί
716 3108 793 3189 νίη,ς
814 3099 882 3169 ἀλλ’
900 3100 972 3170 ούδ
988 3101 1125 3187 ἐμού’
1086 3110 1188 3194 αυτῆς
1205 3131 1276 3174 πο-

241 3201 298 3270 λὺν
316 3210 492 3272 ποιοῦνται
508 3203 637 3290 λόγον’
622 3229 662 3291 εν,
671 3217 745 3284 ταῖς
764 3202 865 3285 ὁδοῖς.
901 3203 945 3294 μὴ
967 3210 1075 3273 τοίνυν
1096 3234 1131 3277 τι
1152 3206 1275 3294 μικρὸν

242 3305 362 3396 οἰηθῇς
379 3297 415 3373 εὑ
432 3309 584 3395 ποιήσειν
605 3332 647 3390 με
668 3305 707 3375 τὸ
729 3307 1021 3394 περισπούδαστόν
1041 3333 1101 3394 μοι
1122 3311 1178 3376 καί
1195 3305 1274 3398 ἥδι-

241 3432 318 3476 στον
331 3410 473 3478 κυνίδιον
482 3406 715 3499 διαφολάξας.”
743 3405 1275 3496 ὑπέσχετοὺΘεσμύπολιςπολλᾶ

242 3511 446 3599 ἱκετευούσης
463 3515 518 3578 καί
529 3515 701 3596 μονονουχὶ
713 3515 769 3578 καὶ
783 3513 994 3602 δακρυούσης.
1021 3511 1060 3582 τδ
1078 3515 1274 3604 δὲπρᾶγμα

121 3672 123 3677 ⁴
194 3644 201 3653 ¹
240 3617 436 3701 παγγέλοιον
452 3604 500 3703 ἧν,
519 3615 660 3681 κυνίδιον
678 3613 713 3682 έκ
729 3621 787 3682 τού
803 3614 932 3700 ἱματίου
947 3622 1138 3702 προκῦπτον
1150 3615 1274 3707 μικρὸν

239 3713 306 3784 ὑπὸ
320 3714 376 3784 τὸν
389 3717 533 3803 πώγωνα
545 3719 599 3784 καὶ
608 3723 810 3808 κατουρῆσαν
817 3717 986 3802 πολλάκις,
1005 3719 1037 3789 εἰ
1048 3721 1103 3788 καλ
1115 3717 1276 3808 μὴταῦτα

241 3813 259 3886 Q
288 3820 494 3905 Θεσμόπολις
519 3826 729 3907 προσετίθει,
758 3823 813 3889 καὶ
836 3819 957 3906 βαύζον
978 3823 1082 3913 λεπτῇ
1102 3828 1144 3912 τῇ
1171 3829 1274 3914 φωνῇ
1355 3906 1356 3915 ¹

238 3957 283 3971 -
299 3928 436 3990 τοιαῦτα
451 3920 513 4011 γὰρ
531 3920 573 3989 τὰ
590 3925 751 3991 Μελιταῖα
766 3962 810 3972 -
826 3926 882 3991 καὶ
898 3921 937 3992 τὸ
954 3928 1076 4012 γένειον
1092 3929 1154 3994 τοὺ
1166 3926 1274 4015 φιλο-
1355 3970 1356 4007 ;

241 4021 348 4110 σόφου
376 4019 667 4113 περιλιχμώμενον,
694 4028 749 4095 καλ
773 4027 918 4112 μάλιστα
945 4026 979 4094 εἴ
998 4053 1033 4095 τι
1057 4034 1118 4096 τοῦ
1141 4026 1273 4112 χθιζοῦ
1355 4066 1356 4109 3
