2722 4646
495 243 666 286 annonario
685 242 808 285 cumea.
1106 240 1208 289 XXIII

96 360 134 415 de
155 356 270 428 'optima
293 354 544 424 doctrinauold.
566 373 594 425 p.
613 355 647 409 16
665 354 854 423 addebantur,
873 354 920 409 σία
934 359 992 411 ίατι
1008 360 1067 410 τῶν
1080 358 1207 428 τροφῶν·

97 444 181 499 seqq.
199 430 231 478 et
247 424 354 494 passim
372 423 448 493 apud
461 422 647 477 Plutarchum
664 421 918 479 τωνπλοοσίωντὰ
928 430 1037 498 σφιγγία
1047 426 1136 478 καὶτὰ
1146 446 1209 481 κου.

97 491 647 564 aliosque.Assyllabamqusrtameor-
665 488 773 561 ράίίια,
805 491 956 546 manifesto
984 493 1021 547 ab
1051 493 1126 548 inter
1147 500 1208 549 rete

96 559 647 686 tittttttmltltttlttl
664 511 1210 683 ltt‘ttttttbttdbittit}

96 699 201 754 Morai
211 715 240 766 p.
250 697 325 753 1033.
335 646 391 750 Rp
664 647 796 764 κσλλάρια
814 645 989 763 eorruiitum'
1009 698 1115 767 dequo
1132 697 1209 767 cogi·

118 772 180 821 τῶν
196 763 404 836 Ἀκαδημιακῶν
422 760 629 838 στραγγαλίδων
664 764 969 842 tavitAlmelovecnus.
982 735 1107 820 ilamsic
1117 783 1210 837 gram-

318 829 431 886 κοπίδα.
569 846 574 853 ·
664 832 760 886 matiei
788 849 806 887 a
831 830 984 901 Ducangro
1011 832 1089 888 citati
1115 833 1210 888 κλοιόν

97 908 130 959 et
147 902 280 957 Timonis
302 902 378 971 apud
401 898 487 970 Diog.
506 899 540 953 L.
559 898 586 964 4,
604 899 646 954 67.
664 900 738 954 inter
758 899 844 954 reteri
859 900 960 954 solent.

99 970 160 1043 (ubi
184 971 214 1023 in
238 968 319 1024 libris
343 967 552 1036 Ἀκαδημαϊκῶν
578 966 645 1020 scri·
697 969 725 1023 X
757 968 804 1036 ,9.
821 974 911 1042 γε’ρισν
924 965 974 1035 ἤδη
987 967 1059 1024 isco
1073 962 1210 1091 invasos}

119 1046 192 1103 tum,
211 1044 245 1093 ut
256 1036 469 1104 Ἀκαδημαϊκούς
487 1035 515 1089 iu
529 1051 647 1105 praece·
663 1032 785 1090 ὕστατον
820 1035 874 1090 etsi
906 1052 992 1105 saepe
1024 1035 1128 1089 dicitur
1158 1039 1196 1091 ub

98 1056 236 1162 ientibus
245 1105 386 1175 Diogenis
395 1103 502 1175 verbis)
664 1105 750 1159 etiam
768 1106 883 1171 ἔσχατον
901 1104 959 1157 dici
993 1110 1094 1171 uteret,
1113 1110 1209 1159 tamen

134 1172 197 1228 οὐδ’
210 1171 420 1243 Ἀκαδημιακῶν
437 1171 610 1248 πλατυρημσ-
662 1191 750 1294 ἕωλα]
762 1171 945 1227 LucienusL
976 1173 1018 1241 ,1.
1030 1178 1121 1245 γέρων
1135 1177 1161 1229 ἐς
1175 1172 1208 1227 τὸ

248 1244 327 1309 olivus
341 1240 495 1295 ἀναλίστου.
677 1262 777 1307 σχατον
790 1240 891 1294 dixerit
905 1239 1095 1312 usitatumque
1109 1238 1146 1293 sit
1159 1241 1208 1294 ad·

98 1309 166 1365 Hoc
175 1310 263 1380 igitur
272 1310 400 1364 Luciano
412 1325 525 1380 quoque
534 1309 645 1364 restitui
661 1309 797 1378 jectivum
806 1310 1001 1382 ἐσχατόγηρως,
1016 1308 1121 1363 nemini
1135 1310 1207 1361 veri·

100 1385 131 1435 et
139 1379 191 1433 ubi
212 1396 247 1433 ue
257 1377 464 1433 restituendum
473 1383 552 1458 puto.
571 1378 644 1433 Nam
664 1377 753 1430 simile
784 1377 928 1431 videbitur
952 1375 1112 1431 Lucianum
1142 1376 1206 1432 loco

99 1447 181 1518 quod
191 1396 353 1516 §tephanus
362 1445 518 1516 Byzautrus
533 1446 644 1500 duobus
663 1446 753 1500 altero
766 1450 857 1518 γέρων
871 1449 898 1501 le
910 1443 943 1498 τὸ
958 1441 1079 1499 ὕστατον
1093 1444 1208 1500 dixisse.

98 1514 131 1568 in
149 1514 222 1569 locis
245 1515 282 1587 (s.
298 1533 325 1569 τ.
346 1512 509 1582 Ἀκαδήμεια
528 1520 557 1567 et
573 1512 642 1568 Ἐκα·
664 1514 746 1579 Quod
757 1512 1042 1584 sensitCobetus,qui
1052 1518 1079 1570 ἐς
1087 1512 1120 1567 τὸ
1130 1517 1209 1580 ἔσχα-

99 1581 213 1657 δήμοιο)
249 1582 420 1651 adjectivum
448 1579 645 1649 Ἀκαδημαϊκός
662 1581 845 1635 concorrexit
855 1598 882 1650 p.
892 1579 952 1648 241,
967 1587 1053 1646 recte,
1063 1582 1118 1635 nisi
1129 1581 1207 1650 quod

101 1667 260 1721 agnoscere
280 1651 413 1719 creditur,
432 1666 533 1704 vereor
550 1667 586 1703 ne
604 1650 643 1702 iu·
663 1649 732 1703 satis
742 1656 805 1703 erat
812 1666 869 1705 uua
878 1653 986 1702 mutata
996 1649 1079 1704 litera
1092 1650 1208 1715 τοῦσχα-

95 1718 178 1790 juria
202 1717 256 1772 fiat
281 1717 479 1789 grammatico,
507 1718 590 1786 cujus
615 1719 644 1771 in
662 1717 820 1787 conscribi,
835 1717 1205 1788 quodalteriquoqueloco

99 1787 197 1841 verbis
212 1785 283 1839 nihil
297 1791 342 1839 est
355 1803 388 1840 ex
399 1802 455 1856 quo
470 1785 566 1855 colligi
580 1803 643 1854 pos-
662 1785 963 1849 LV‚1.restitueudum
973 1784 1092 1854 videtur,
1102 1784 1207 1839 utrosl-

101 1855 141 1909 sit
168 1871 226 1908 uon
252 1854 443 1922 librariorum,
478 1854 528 1907 sed
555 1852 644 1922 ipsius
663 1873 747 1919 νομα,
765 1852 953 1921 τούπίσημον,
976 1852 1153 1927 τούπίταγμα
1176 1860 1206 1908 et

100 1923 179 1977 bunc
197 1939 319 1977 errorem
338 1937 410 1975 esse.
444 1920 555 1975 Latinis
573 1924 644 1974 Aoo·
663 1921 720 1976 alia
733 1922 871 1974 nonnulla
885 1922 960 1990 apud
969 1919 1127 1975 Luciauum
1140 1939 1206 1991 pas·

88 1993 215 2044 xdemicus
233 1991 328 2044 dicere
346 1989 467 2060 placuit,
488 1990 568 2058 cujus
587 1990 645 2043 for·
664 1990 715 2042 sim
728 2005 827 2042 manus
841 1985 1002 2057 effugerunt
1015 1988 1206 2059 librariorum,

101 2075 166 2113 mae
192 2059 269 2128 apud
292 2058 419 2113 Graecos
447 2058 577 2127 exempla
599 2057 643 2110 vix
664 2073 782 2127 quorum
807 2057 837 2110 in
865 2055 939 2111 crasi
964 2057 1049 2110 modo
1076 2057 1206 2112 tollenda

100 2127 163 2180 ulla
181 2133 247 2180 sunt
264 2133 378 2196 praeter
400 2124 551 2205 φιλόσοφος
568 2124 644 2178 Ἀκα-
663 2126 747 2178 modo
772 2124 953 2180 obscuranda
975 2125 1074 2178 eadem
1096 2124 1125 2176 in
1147 2125 1206 2179 Lu·

100 2191 215 2264 δημικόα
232 2211 250 2249 a
271 2195 310 2248 ud
329 2193 483 2248 Stobaeum
501 2212 530 2247 m
543 2193 643 2264 Eclog.
664 2193 739 2247 ciani
754 2192 866 2274 scriptis
884 2191 1029 2246 temeritas
1047 2192 1103 2245 fuit
1121 2210 1206 2263 quam

100 2262 167 2318 Eth.
181 2262 237 2316 vol.
250 2212 275 2316 δ.
293 2279 320 2331 p.
334 2261 368 2315 38
382 2267 412 2316 et
428 2260 471 2315 46.
490 2262 534 2315 ed.
549 2261 643 2330 Hecu,
663 2278 698 2315 ex
711 2267 754 2315 tot
771 2261 834 2316 alirs
855 2260 1042 2330 scriptoribus
1062 2262 1206 2330 cognitam

100 2331 178 2384 libro
201 2347 235 2384 ex
256 2330 459 2384 recentissimis
479 2336 507 2384 et
524 2329 644 2384 vitiosis·
663 2330 808 2398 habemus,
819 2346 919 2399 exquo
936 2329 1049 2383 codices
1063 2330 1204 2400 antiquio-

101 2397 182 2452 simis
209 2398 357 2452 codicibus
385 2398 471 2453 edito.
513 2397 643 2451 Ceterum
662 2415 709 2452 res
719 2398 879 2452 accuratius
895 2397 1049 2451 examinari
1063 2414 1204 2468 veraeque

100 2465 185 2534 origo
214 2465 368 2519 formarum
394 2465 559 2519 vitiosarum
586 2471 644 2519 tam
662 2465 781 2520 rationis
794 2465 918 2535 vestigia
932 2466 968 2520 ab
983 2464 1107 2519 librariis
1118 2483 1166 2521 sae
1189 2483 1204 2521 e

100 2539 267 2588 constanter
293 2534 331 2587 ab
356 2534 480 2588 librariis
502 2534 645 2588 illatarum
662 2534 763 2588 relicta
782 2532 946 2603 diligentius
985 2532 1050 2585 uarii
1069 2534 1171 2588 olim-o
1194 2563 1205 2575 ·

99 2601 168 2655 inde
191 2602 348 2671 repetenda
371 2603 448 2672 quod
470 2601 644 2659 recentiores
664 2601 770 2655 servari
785 2606 952 2670 coeperunt:
966 2550 1008 2654 (δα
1024 2618 1080 2670 quo
1089 2602 1124 2653 L.
1134 2601 1204 2654 Din-

100 2668 207 2725 Graeci
228 2668 378 2738 Ἀκαδημία
400 2676 430 2725 et
446 2668 645 2737 Ἀκαδημαϊκός
663 2668 770 2722 dorfius
789 2685 874 2739 quum
888 2668 958 2720 alibi
971 2673 1030 2720 turn
1044 2668 1205 2737 nuperrime

100 2738 242 2805 dixerunt,
254 2754 326 2807 quae
340 2738 448 2793 formae
459 2738 544 2792 etiam
558 2739 643 2792 hodie
662 2737 692 2789 in
704 2736 829 2790 Praefat.
844 2737 881 2790 ad
899 2734 1021 2790 Dionem
1036 2733 1204 2806 chrysosto-

98 2803 394 2859 inGraeciausitatae
405 2813 478 2861 sunt
499 2805 643 2873 Ἀκαδημία
662 2822 736 2858 mum
754 2804 825 2859 dixit
841 2803 897 2858 vol.
906 2804 931 2856 1.
949 2822 977 2874 p.
990 2804 1097 2870 XVII,
1116 2804 1204 2858 allato

97 2872 306 2928 recentioribus
322 2873 426 2928 diserte
439 2874 540 2929 tribuit
553 2892 643 2943 gram·
661 2873 737 2942 inter
754 2873 811 2927 alia
828 2871 931 2926 Dionis
954 2872 1083 2941 exemplo
1106 2872 1163 2926 vol.
1178 2873 1202 2926 1.

99 2941 361 3011 maticusqutym.
372 2940 493 2997 Sorbon.
504 2959 549 3012 ap.
561 2943 642 2997 Gais-
661 2959 688 3011 p.
702 2941 766 3011 243,
786 2942 827 2995 10.
846 2941 917 3028 (221.
932 2940 1015 3011 Mor.)
1033 2946 1085 2997 ἕως
1102 2938 1138 2993 ἂν
1155 2945 1204 2993 ίπί

97 3009 173 3063 ford.
192 3010 229 3062 ad
245 3009 340 3078 Etym.
355 3009 392 3064 M.
406 3029 435 3080 p.
449 3010 491 3078 44,
502 3011 527 3064 8.
545 3009 574 3064 οἱ
590 3014 643 3081 μὲν
660 3009 693 3063 τὸ
711 3006 832 3063 ὕστατον
847 3007 974 3082 απέλθησ
994 3011 1042 3074 τῆς
1062 3012 1121 3081 γῆς·
1153 3007 1204 3063 ubi

98 3075 213 3131 παλαιοί
227 3077 257 3139 ἐξ
272 3076 425 3145 Ἀκαδήμου
438 3077 513 3134 rivis
527 3083 577 3132 τοῦ
596 3078 643 3131 δο-
661 3079 761 3132 eadem
776 3094 860 3148 qnam
873 3076 1002 3130 Luciano
1016 3076 1128 3131 restitui
1143 3092 1204 3129 cra-

96 3143 641 3229 pooapouovadvisaadpptaodspmv-
661 3147 698 3198 sis
724 3149 957 3202 ΤΟῬΣΧΑΤΟΝ
979 3143 1107 3198 fraudem
1134 3144 1205 3198 feeit

96 3212 243 3268 οιαστικὸν
256 3211 302 3266 δια
314 3218 361 3281 τῆς
378 3221 410 3280 si,
430 3217 459 3269 οἱ
472 3212 503 3268 δὲ
515 3221 578 3269 νυνί
597 3213 641 3269 διὰ
661 3214 793 3268 oscitanti
807 3212 932 3277 librario,
941 3211 1050 3274 intacta
1058 3213 1160 3268 relicta
1172 3211 1203 3265 in

95 3284 149 3335 τοῦ
166 3287 191 3343 ἲ,
209 3279 247 3337 to‘s
260 3281 357 3351 κύριον
370 3280 466 3348 ὄνομα.
660 3281 739 3337 libris
756 3281 886 3334 omnibus
901 3281 978 3350 apud
988 3278 1137 3350 Synesium
1145 3281 1202 3334 vol.

132 3348 213 3417 XVI,
228 3350 253 3402 9.
273 3354 383 3419 ἐμαυτῷ
400 3351 448 3405 hic
465 3351 574 3406 correxi
587 3366 639 3420 pro
661 3351 684 3402 1.
692 3365 726 3469 (ρ
736 3350 796 3417 381,
807 3350 848 3402 12.
867 3350 906 3404 εἰσ
919 3346 1072 3416 τοῦσχατον
1091 3350 1202 3414 οἴχεται,

95 3418 189 3484 ἑαυτῷ
210 3417 343 3487 idemque
360 3419 458 3472 vitium
475 3425 505 3473 et
522 3420 641 3473 alterum
660 3433 689 3479 se
725 3417 878 3473 obliterata
890 3416 920 3469 in
933 3416 1077 3486 plerisque
1091 3414 1159 3469 ibid.
1173 3433 1203 3484 p.

94 3485 198 3538 ἑαυτοῦ
212 3500 265 3554 pro
280 3489 396 3539 σεαυτοῦ
411 3487 456 3541 vel
471 3491 572 3541 σαυτοῦ
591 3504 639 3557 po·
658 3483 779 3553 356,11.,
798 3485 848 3538 ubi
861 3487 900 3540 sie
912 3483 1066 3550 τοῦσχατον
1083 3499 1118 3536 ex
1132 3483 1218 3537 duo·⁴

95 3551 145 3605 siti
157 3553 264 3621 passim
275 3554 376 3607 sustuli
388 3556 465 3623 apud
474 3555 639 3609 Lucianum.
659 3554 713 3607 bus
722 3559 831 3606 tantum
841 3552 988 3606 codicibus
998 3549 1202 3604 enotavitKra·

96 3620 186 3675 Nulla
201 3619 232 3673 iu
250 3622 306 3675 hac
318 3639 349 3676 re
363 3622 500 3676 librorum
519 3623 639 3677 auctori·
659 3620 808 3690 bingerus,
824 3626 853 3673 et
865 3620 895 3672 in
910 3617 1039 3673 omnibus
1052 3635 1080 3687 p.
1089 3618 1149 3686 271,
1160 3618 1202 3671 12.

95 3693 151 3754 tas,
168 3688 288 3759 quinon
301 3706 366 3743 raro
381 3688 455 3743 inter
469 3706 499 3744 se
513 3690 569 3760 ipsi
584 3691 641 3745 dis·
659 3689 745 3741 Aliud
763 3689 851 3742 erasis
870 3687 907 3741 ab
922 3685 1045 3740 librariis
1065 3686 1202 3739 obscura-

95 3756 239 3820 rentiunt,
258 3756 321 3811 aliis
338 3763 446 3811 rectam
459 3757 522 3811 aliis
537 3758 640 3812 falsam
658 3764 704 3811 tae
715 3756 872 3824 exemplum
882 3772 945 3808 esse
955 3752 1066 3807 videtur
1074 3754 1112 3822 X,
1122 3754 1164 3822 27,
1175 3755 1201 3809 3.

94 3823 151 3876 scri
174 3830 266 3878 turam
274 3825 486 3894 praebentibus.
656 3823 787 3896 Ἀρσάκης
809 3822 944 3889 ἐπήλαυνε
972 3819 1043 3876 πολὺ
1070 3826 1129 3876 τῶν
1156 3819 1201 3874 ἄλ·

159 3891 277 3960 VIII,1.
300 3893 373 3947 Post
385 3894 473 3948 verba
485 3891 543 3946 ὑπὸ
557 3891 639 3960 κλοιῷ
657 3892 714 3945 λισν
728 3891 987 3962 προϋπεξορμήσας,
1001 3887 1125 3947 ὑποστὰς
1139 3888 1170 3943 δὲ
1184 3887 1199 3943 ὁ

92 3978 150 4015 τινα
156 3963 251 4028 χρυσῷ
260 3958 312 4015 τὸν
321 3960 420 4028 αὐχένα
428 3959 558 4027 δεθέντα,
568 3961 639 4015 haec
659 3959 733 4033 Θρᾷξ
754 3965 808 4014 etc.
830 3958 881 4013 ubi
907 3959 973 4014 libri
994 3959 1125 4014 meliores
1152 3958 1200 4011 vel
