2752 4632
461 251 782 309 xn.xAPszN1.2.
861 280 871 286 -
1024 232 1134 309 ‘171

153 373 238 430 Em
280 351 323 426 013
342 356 440 444 σχολή
463 382 536 441 μοι,
565 348 592 423 ὦ
614 363 787 444 πορθμεῦ·
815 352 1002 444 ἀπέρχομαι
1022 357 1085 449 γάρ
1102 385 1137 431 τι

92 459 376 549 ’διακονησόμενος
392 466 440 547 τῷ
458 456 527 526 ἀνω
542 461 603 530 Διὶ
619 466 686 527 τῶν
704 456 943 545 ἀνθρωπικῶν·
967 457 985 528 ὁ
1005 462 1041 529 δὲ
1059 454 1137 545 ὀξύ·

103 664 182 755 ίάσῃ
209 662 296 733 εἶναι
320 662 493 754 παραδούς
517 670 565 753 τῷ
593 665 700 754 ζόφῳ,
730 661 754 754 ἢ
777 661 860 755 ὅπερ
881 664 939 735 τὸν
953 660 1136 754 Ἥφαιστον

101 770 215 858 πρῴην
237 767 389 857 ἐποίησε,
417 770 501 858 ῥίψῃ
519 765 603 854 κάμὲ
623 767 767 856 τεταγὼν
782 777 843 838 τοῦ
860 767 967 850 ποδὸς
990 766 1058 837 ἀπὸ
1076 776 1135 837 τοῦ

101 876 287 940 θεσπεσίου
300 874 414 960 βηλοῦ,
435 868 481 952 ῶς
493 867 690 954 ὑποσκάζων
710 875 839 961 γέλωτα
855 875 911 943 καί
929 867 1028 952 αύτδς
1045 898 1135 963 παρ

102 980 206 1061 ίχοιμι
225 975 393 1058 οἰνοχοῶν.

149 1094 236 1149 ΧΑΡ.
272 1077 439 1164 Περιόφει
464 1067 522 1147 οῦν
541 1103 584 1163 με
606 1074 714 1158 άλλως
736 1077 950 1164 πλανώμενον
970 1076 1056 1169 ῦπδρ
1077 1085 1136 1167 γῆς

100 1183 153 1249 καὶ
177 1187 287 1248 ταῦτα
314 1179 444 1267 ἑταῖρος
468 1183 525 1249 καὶ
545 1181 718 1269 σύμπλους
739 1184 795 1250 καὶ
817 1182 1050 1270 συνδιάκτορος
1070 1178 1135 1267 ών,·

98 1286 153 1371 καὶ
168 1282 233 1373 μὴν
250 1285 363 1364 καλῶς
379 1280 475 1368 εἶχεν,
504 1273 532 1351 ώ
549 1290 660 1364 Μαίας
677 1298 755 1368 παῖ,
784 1283 912 1354 ἐκείνων
928 1292 1005 1373 γοῦν
1023 1309 1061 1355 σε
1077 1311 1137 1372 με-

100 1513 211 1556 κωπον
229 1486 333 1557 εἶναι·
356 1486 440 1557 ἀλλὰ
463 1487 503 1558 σῦ
525 1489 584 1574 μὲν
601 1491 725 1580 ῥέγκεις
741 1489 800 1559 ἐπὶ
820 1497 881 1560 τοῦ
898 1491 1137 1579 καταστρώμα-

99 1615 155 1671 τος
169 1591 327 1672 ἐκταθείς
341 1587 452 1676 ώμους
465 1586 552 1660 ούτω
565 1592 741 1680 καρτερούς
755 1593 849 1677 ἔχων,
869 1590 890 1681 ἢ
904 1592 936 1661 εί
945 1620 1019 1662 τινα
1036 1594 1136 1661 λάλον

100 1693 208 1784 νεκρὸν
226 1690 353 1783 εύροις,
377 1692 487 1783 ἐκείνῳ
507 1692 585 1783 παρ’
602 1690 678 1762 ὅλον
695 1696 751 1763 τὸν
769 1698 874 1764 πλοῦν
892 1697 1040 1784 διαλέγῃ·
1072 1693 1135 1783 ἐγώ

101 1796 136 1863 δὲ
152 1797 343 1887 πρεσβύτης
360 1793 406 1865 ὢν
423 1795 481 1885 τὴν
499 1798 662 1865 δικωπίαν
680 1797 797 1884 ἒρίττω
814 1800 925 1882 μόνος.
953 1796 1037 1865 ἀλλὰ
1050 1797 1136 1886 πρὸς

100 1897 315 1990 τοῦπατρὸς,
336 1889 723 1990 ώφίλτατονἙρμήδιον,
742 1899 786 1988 μὴ
804 1904 988 1989 καταλίπῃς
1004 1926 1055 1985 με,
1074 1927 1137 1968 πε-

101 2003 255 2091 ριήγησαι
274 2003 312 2071 δὲ
328 1999 371 2070 τά
384 2001 476 2091 ἀντῷ
488 2008 553 2090 βίῳ
567 1999 713 2083 ἅπαντα,
734 1999 780 2083 ώς
791 2030 825 2072 τι
838 2005 893 2071 καὶ
907 2001 986 2070 ἰδών
1000 2001 1137 2070 ἒπανίλ

101 2111 214 2190 θοιμι·
248 2102 297 2185 ῶς
318 2101 357 2194 ἤν
378 2130 420 2190 με
442 2103 481 2174 σὺ
505 2102 607 2196 ἀφῇς,
637 2104 731 2175 οῦδὲν
753 2112 818 2174 τῶν
844 2108 976 2193 τυφλῶν
1002 2106 1135 2173 διοίσω·

99 2198 258 2298 ’καθάπερ
286 2206 349 2297 γὰρ
377 2206 495 2276 ἐκεῖνοι
516 2210 720 2298 σφάλλονται
744 2209 1013 2288 διολισθάνοντες
1035 2206 1068 2276 ἒν
1088 2214 1136 2294 τῷ

104 2312 222 2400 σκάτφ,
249 2307 336 2379 ούτω
356 2309 395 2399 δὴ
413 2308 502 2399 κάγώ
522 2336 578 2380 σοι
595 2312 736 2397 ἔμπαλιν
755 2309 976 2398 ἀμβλυώττων
994 2308 1080 2398 πρὸς
1096 2308 1135 2377 τὸ

102 2419 183 2501 φώς.
211 2411 300 2482 ἀλλὰ
318 2408 388 2494 δὸς,
409 2403 616 2502 ώΚυλλήνιε,
637 2412 690 2482 ἀεὶ
706 2420 938 2502 μεμνησομένῳ
956 2413 1014 2501 τὴν
1029 2413 1136 2500 χάριν.

151 2532 238 2588 ΕΡΜ.
280 2522 383 2584 Τοῦτο
401 2513 439 2584 τὸ
457 2523 596 2604 πρᾶγμα
617 2520 750 2604 πληγῶν
769 2518 875 2584 α’ίτιον
896 2516 1170 2602 καταστήσεταίκ
1261 2532 1264 2537 “

103 2638 174 2702 μοι·
193 2616 264 2708 ὁρῶ
277 2625 354 2706 γοῦν
366 2615 429 2706 ἤδη
441 2616 499 2686 τὸν
511 2617 638 2704 μισθὸν
651 2626 710 2707 τῆς
726 2619 952 2706 περιηγήσεως
970 2615 1029 2684 οὐκ
1042 2614 1139 2684 ἀκόν-

103 2719 199 2789 δυλον
216 2722 433 2789 παντάπασιν
450 2717 527 2808 ἡμῖν
546 2720 710 2806 ἐσόμενον.
737 2717 959 2808 ὑπουργητέον
977 2720 1013 2786 δὲ
1032 2714 1137 2801 ὅμως·

102 2828 137 2889 τί
152 2822 214 2912 γάρ
233 2821 275 2891 ἀν
291 2827 348 2890 καὶ
365 2823 478 2892 πάθοι
494 2849 560 2906 τις,
588 2820 693 2892 ὁπότε
714 2827 813 2913 φίλος
834 2849 885 2903 τις
908 2819 953 2889 ών
970 2821 1138 2907 βιάζοιτο,

103 2925 213 2994 πάντα
234 2927 296 3012 μὲν
314 2916 371 2993 οὖν
394 2951 432 2994 σε
454 2926 536 2995 ἰδεῖν
556 2923 635 2995 καθ’
651 2926 786 2996 ἕκαστον
808 2922 952 3015 ἀκριβῶς
974 2921 1139 3012 ἀμήχανόν

106 3023 205 3113 ἐστιν,
234 3020 264 3097 ώ
281 3035 455 3117 πορθμεῦ·
485 3033 618 3099 πολλῶν
634 3028 697 3120 γὰρ
716 3027 755 3098 ἀν
773 3029 855 3098 ε’τῶν
875 3026 896 3118 ἡ
916 3024 1067 3118 διατριβὴ
1085 3031 1140 3113 γέ-

103 3153 204 3201 νοιτο.
241 3128 314 3200 εἶτα
336 3130 394 3216 ἐμὲ
415 3132 474 3216 μὲν
495 3134 717 3222 κηρύττεσθαι
740 3134 851 3222 δεήσει
871 3131 1028 3219 καθάπερ
1052 3126 1139 3197 ἀπο-

105 3231 228 3319 δράντα
245 3231 315 3302 ἀπὸ
332 3240 391 3303 τοῦ
409 3232 505 3319 Διὸς,
533 3237 570 3304 σὲ
588 3236 698 3303 δὲκαὶ
719 3232 819 3303 αύτδν
839 3234 981 3303 κωλύσει
1000 3232 1137 3322 ἐνεργεῖν

106 3331 147 3400 τὰ
163 3345 222 3404 τοῦ
243 3337 389 3405 θανάτου
409 3336 499 3427 ἔργα,
527 3340 582 3404 καλ
599 3334 656 3425 τὴν
673 3337 869 3416 Πλούτωνος
887 3333 986 3424 ἀρχὴν
1004 3336 1137 3420 ζημιοῦν

106 3434 150 3524 μὴ
168 3446 432 3528 νεκραγωγοῦντα
453 3443 579 3508 πολλοῦ
601 3445 660 3507 τοῦ
684 3440 819 3527 χρόνου·
850 3429 933 3527 κᾷτα
956 3432 974 3504 ὃ
996 3435 1138 3521 τελώνης

108 3539 230 3622 Αἰακὸς
261 3540 477 3630 ἀγανακτήσει
506 3537 585 3629 μηδ’
611 3537 728 3627 ὀβολὸν
760 3540 924 3626 ἐμπολῶν.
970 3533 1016 3618 ώς
1038 3538 1074 3604 δὲ
1095 3536 1138 3605 τά

106 3644 271 3730 κεφάλαια
288 3652 354 3712 τών
371 3649 565 3732 γιγνομένων
582 3644 683 3723 ἰ’ύοις,
701 3649 800 3711 τοῦτο
817 3640 879 3731 ἤδη
898 3646 1066 3709 σκεπτέον.

158 3761 243 3818 XAP.
277 3745 400 3829 Αύτὸς,
424 3736 578 3835 ώἙρμῆ,
607 3744 735 3814 ἐπινόει
751 3743 790 3814 τὸ
807 3747 993 3831 βέλτιστον·
1020 3741 1083 3831 ἐγώ
1102 3743 1139 3811 δὲ

109 3842 202 3916 οῦδὲν
221 3848 297 3918 οίδα
313 3856 379 3919 τῶν
397 3846 481 3936 ὕπερ
498 3855 557 3938 γῆς
575 3851 665 3930 ξένος
683 3844 738 3915 ών.

158 3966 244 4024 EPM
266 3951 328 4051 ,Τὸ
345 3953 405 4039 μὲν
422 3948 513 4036 ὅλον,
537 3942 564 4018 ώ
582 3938 726 4037 Χάρων,
740 3947 872 4040 ύψηλοῦ
889 3974 977 4029 τινος
994 3944 1070 4038 ἡμῖν
1088 3949 1140 4016 δεῖ

107 4059 243 4142 χωρίου,
269 4052 314 4137 ὥς
331 4053 388 4125 ἀπ’
405 4055 526 4125 ἐκείνου
544 4054 654 4124 πάντα
671 4055 833 4139 κατίδοις·
857 4055 912 4122 σοὶ
928 4054 965 4121 δὲ
982 4052 1013 4122 εί
1028 4050 1140 4139 μλνάς
