2722 4646
336 320 339 326 .
416 267 467 324 VI.
486 268 681 322 ἈΔΚΥΩΝ
697 268 785 323 3-8.
1070 260 1117 327 ,53

12 452 14 457 ,
81 375 118 444 έν
129 380 262 466 γενετῆς
274 369 296 461 ἢ
311 373 476 454 δεκαταῖα,
496 356 694 462 θαυμαστὴν
708 368 787 462 όσην
800 372 867 458 ἔχει
879 372 937 464 τὴν
952 377 1118 467 διαφορὰν

80 478 255 562 δυνάμεώς
275 502 312 543 τε
333 477 390 543 καὶ
411 473 596 560 ἀδυναμίας
616 475 649 543 έν
667 475 794 555 πάσαις
811 476 926 559 σχεδόν
942 493 1017 560 ταῖς
1033 478 1118 550 κατὰ

78 578 137 651 τδν
153 587 231 668 βίον
248 579 404 667 πράξεσι,
428 582 484 647 καί
502 574 567 647 ὅσα
585 576 641 645 διὰ
659 584 725 646 τῶν
741 585 860 663 τεχνῶν
880 582 1006 650 τούτων
1029 579 1117 652 σάτα

79 684 323 771 πολυμηχάνων
343 685 399 749 καί
421 677 486 750 όσα
509 680 566 750 διόι
586 688 647 749 τοῦ
668 682 825 766 σώματος
846 686 982 775 καὶτῆς
1006 693 1116 774 ψυχῆς
1222 678 1227 689 ’
1348 664 1349 737 ἶ

82 785 289 875 ἐργάζονται·
307 792 412 853 ταῦτα
424 783 487 874 γάρ
500 797 571 864 τοῖς
588 790 688 867 νέοις,
708 780 822 874 ῶσπερ
842 782 945 869 εἶπον,
965 786 1116 869 παιδίοις

79 886 153 959 εὗδ’
164 889 214 969 είς
231 895 307 956 νοῦν
324 886 437 967 έλθείν
454 886 577 955 δυνατὰ
596 893 760 976 φαίνεται.
800 891 931 977 καὶτῆς
949 889 1062 972 ἰσχύος
1080 891 1116 958 δέ
1134 914 1151 964 6

79 998 138 1081 τῆς
161 991 235 1071 ἑνός
257 988 377 1080 ἀνδρὸς
393 993 518 1059 τελείου
536 989 576 1058 τό
592 991 737 1078 μέγεθος
754 987 934 1080 ἀμέτρητον
952 987 1034 1080 όσην
1050 990 1117 1076 ἔχει

78 1094 137 1184 την
158 1090 324 1185 ὑπεροχὴν
345 1092 431 1182 πρός
453 1091 573 1160 ἐκεῖνα·
599 1093 764 1179 μυριάδας
785 1092 847 1181 γάρ
868 1099 934 1160 τῶν
956 1095 1126 1163 τοιούτων
1151 1176 1152 1179 ¹

79 1194 126 1279 οἷς
144 1194 227 1286 ἀνὴρ
242 1198 333 1265 πάνυ
347 1193 475 1274 πολλὰς
486 1192 673 1284 χειρώσαιτ’
685 1191 725 1263 ἀν
738 1197 877 1285 ῥηιδίως·
895 1192 914 1283 ἡ
927 1193 989 1284 γὰρ
1005 1193 1115 1284 ἡλικία

78 1302 251 1378 παντελῶς
273 1296 401 1386 άπορος
424 1299 531 1386 δήπου
554 1298 688 1366 πάντων
705 1301 761 1364 καί
779 1294 944 1387 ἀμήχανος
962 1298 999 1380 έξ
1015 1296 1116 1389 ἀρχῆς

78 1404 336 1493 παροσιολοοθεῖ
350 1413 423 1481 τοῖς
441 1398 639 1490 ἀνθρώποις
655 1398 739 1468 κατὰ
758 1401 868 1489 φύσιν.
898 1399 1039 1489 ὁπηνίκα
1058 1393 1114 1470 οὖν

79 1501 276 1591 ἅνθρωπος,
307 1500 360 1585 ῶςν
375 1503 487 1585 ἔοικεν,
511 1499 696 1597 ἀνθρώπου
720 1505 868 1592 τοσούτῳ
892 1505 1058 1595 διαφέρει,
1081 1509 1116 1572 τί

77 1613 264 1692 νομίσωμεν
281 1604 339 1674 τὸν
358 1605 532 1691 σόμπαντα
546 1602 684 1694 οόρανόν
701 1603 788 1695 πρὸς
804 1605 864 1687 τὰς
881 1603 1040 1697 ἡμετέρας
1058 1609 1115 1674 δυ-

13 1780 14 1787 ,
77 1710 193 1795 νάμεις
208 1714 350 1798 φανῆναι
366 1704 406 1776 ἀν
418 1721 490 1788 τοῖς
501 1705 692 1776 τὰτοιαῦτα
701 1714 843 1798 θεωρεῖν
853 1708 1114 1798 ἒφικνουμένσιςς

75 1809 228 1907 πιθανόν
246 1802 302 1880 οὖν
324 1811 406 1891 ἴσως
429 1810 519 1892 δόξει
540 1813 691 1892 πολλοῖς,
722 1805 800 1898 όσην
824 1810 888 1893 ’έχει
910 1809 948 1879 τὸ
970 1817 1114 1899 μέγεθος

12 1994 13 1999 ¹
74 1922 135 1984 τοῦ
153 1917 281 2001 κόσμου
303 1913 362 2005 τὴν
383 1911 546 2002 όπεροχὴν
567 1911 654 2000 πρὸς
674 1909 713 1980 τό
731 1913 928 2001 Σωκράτους
949 1909 1114 2000 ἢΧαιρε-

75 2024 208 2108 φῶντας
226 2015 328 2099 εἶδος,
352 2019 542 2106 τηλικοῦτον
559 2013 690 2104 κοίτην
708 2015 845 2101 δύναμιν
863 2011 964 2082 αάτοό
982 2018 1039 2082 καὶ
1055 2015 1113 2103 τὴν

76 2120 238 2211 φρόνησιν
254 2121 310 2189 καί
328 2121 477 2188 διάνοιαν
495 2116 655 2206 ἀνάλογον
674 2118 843 2207 διαφέρειν
859 2123 918 2206 τῆς
935 2120 1014 2205 περὶ
1026 2114 1113 2206 ἡμᾶς
1194 2174 1198 2181 ι

76 2225 274 2303 διαθέσεως.
287 2245 290 2250 ’
302 2214 357 2291 σοί
369 2225 429 2307 μέν
443 2212 499 2291 οάν
511 2224 568 2288 καὶ
582 2220 655 2305 ἐμοὶ
668 2223 724 2287 καί
733 2217 846 2301 ἀλλοις
854 2223 993 2301 πολλοῖς
1001 2221 1113 2289 τοιοά-
1131 2245 1147 2294 τ

74 2351 146 2406 τοις
170 2317 246 2393 σάσι
265 2322 361 2393 ’πόλλ’
378 2322 446 2392 ἀπ’
462 2323 607 2393 ἀδύνατα
628 2321 840 2412 τῶν-ἑτέροις
862 2324 949 2392 πάνυ
973 2324 1111 2416 ῥᾳδίων·

12 2426 14 2465 ³
75 2427 150 2497 ίπεὶ
168 2430 226 2494 καλ
241 2425 384 2516 ἀὐλῆσαι
400 2439 472 2507 τοῖς
491 2423 643 2504 ἀναύλοις
665 2427 720 2492 καλ
743 2422 925 2511 ἀναγνῶναι
942 2424 964 2514 ἢ
980 2427 1113 2516 γράψαι
1162 2433 1164 2437 ’

74 2543 146 2612 τοῖς
157 2528 386 2619 ἀγραμμάτοις
399 2525 622 2617 γραμματικὸν
635 2523 760 2616 τρόπον
774 2526 1020 2614 ἀδυνατώτερόν
1030 2528 1110 2611 ἔστι,

73 2639 158 2713 τέως
176 2632 240 2713 ἕως
257 2629 298 2701 ἀν
316 2624 397 2701 ὦσιν
415 2629 685 2720 ἀνεπιστήμονες,
713 2635 772 2697 τοῦ
793 2623 936 2727 ποιῆσαι
957 2644 1112 2717 γυναῖκας

75 2733 275 2825 ἀξόρνίθων
291 2731 313 2824 ἢ
332 2732 471 2824 όρνιθας
490 2733 524 2801 ἐκ
540 2738 709 2821 γυναικῶν.
745 2729 765 2821 ἡ
785 2732 821 2800 δὲ
839 2732 940 2821 φύσις
958 2731 991 2800 έν
1008 2738 1112 2823 κηρίῳ

75 2836 192 2923 σχεδόν
206 2892 209 2897 Α
223 2841 466 2927 παραλαβοῦσα
497 2838 580 2925 ζῶον
611 2831 719 2902 ἀπουν
744 2838 800 2901 καὶ
831 2831 975 2926 ἀπτορον
1000 2836 1113 2917 πόδας.

12 2964 14 3021 ζ
73 2937 250 3012 ὖποθεῑσα
266 2943 322 3008 καὶ
339 2941 541 3029 πτερῶσαοα
559 2940 710 3027 ποικιλίᾳ
726 2963 762 3006 τε
780 2939 991 3028 φαιδρόνασα
1003 2942 1112 3029 πολλῇ

12 3036 14 3055 ⁸
72 3047 127 3113 καί
154 3046 238 3133 καλῇ
264 3044 320 3110 καὶ
346 3044 544 3132 παντοδαπῇ
568 3041 750 3130 χρωμάτων
776 3044 930 3127 μέλιτταν
957 3038 1111 3124 ἀπέδειξε

72 3144 184 3236 σοφὴν
212 3151 309 3213 θείου
334 3149 468 3231 μέλιτος
495 3143 639 3234 ἐργάτιν,
672 3142 707 3210 έκ
731 3168 768 3209 τε
791 3141 864 3231 ᾠῶν
887 3141 1029 3235 ἀφώνων
1053 3147 1109 3213 καὶ

72 3246 216 3338 ἀψύχων
241 3246 351 3316 ’πολλὰ
375 3254 460 3336 γένη
476 3247 617 3315 πλάττει
638 3249 769 3335 πτηνῶν
789 3272 827 3313 τε
847 3250 904 3314 καὶ
924 3249 1033 3330 πεζῶν
1053 3251 1112 3315 καλ

71 3349 219 3442 ἀνύδρων
237 3351 342 3438 ζῴων,
368 3355 509 3434 τέχναις,
533 3347 579 3429 ῶς
597 3348 693 3436 λόγος
710 3355 820 3432 τινῶν,
849 3348 953 3439 ἱεραῖς
971 3350 1111 3434 αἰθέρος

69 3456 220 3544 μεγάλου
238 3459 485 3543 προσχρωμένη.
529 3450 592 3531 τὰς
608 3442 665 3519 σόν
683 3447 862 3518 ἀθανάτων
880 3453 1034 3537 δυνάμεις
1049 3468 1143 3536 χιε-8

70 3557 179 3645 γάλας
197 3552 300 3636 οάσας
316 3557 436 3644 θνητοί
453 3556 509 3622 καὶ
523 3556 655 3644 σμικροὶ
667 3555 837 3632 παντελῶς
855 3549 945 3633 όντες
961 3553 1018 3619 καλ
1033 3547 1110 3621 σάτα

69 3659 114 3729 τὰ
132 3658 264 3747 μεγάλα
277 3658 451 3744 δυνάμενοι
465 3664 616 3747 καθορᾶν
629 3652 695 3724 οὔτ’
709 3647 751 3723 αό
763 3653 806 3723 τὰ
818 3653 927 3743 μικρόν,
946 3654 989 3723 τὰ
1002 3657 1108 3724 πλείω
1131 3682 1133 3687 ·

71 3758 101 3832 δ’
118 3759 326 3849 ἀποροῦντες
342 3764 398 3829 καί
414 3765 481 3830 τῶν
497 3762 576 3847 περὶ
597 3756 684 3849 ἡμᾶς
706 3759 951 3845 συμβαινόντων
972 3762 1106 3842 παθῶν,

71 3862 132 3934 οὔκ
148 3860 190 3932 ἀν
204 3862 331 3949 ἔχοιμεν
345 3862 451 3933 εἰπεῖν
462 3867 606 3950 βεβαίως
620 3858 686 3929 οὔτ’
702 3858 867 3929 ἀλκυόνων
878 3864 958 3949 πέρι
971 3854 1037 3928 οὔτ’
1048 3856 1111 3950 <3²2⁴

71 3967 196 4036 δόνων·
218 3965 312 4046 κλέος
329 3966 366 4034 δὲ
381 3967 510 4052 μόθων,
530 3963 602 4034 οἷον
618 3965 808 4052 παρέδοσαν
825 3967 979 4054 πατέρες,
997 3969 1109 4031 τοωῦ-

69 4094 130 4141 τον
148 4071 206 4138 καί
224 4070 342 4138 παισὶν
360 4067 465 4155 έμοίς,
486 4059 598 4159 ὦόρνι
614 4066 747 4158 θρήνων
758 4067 895 4158 μελῳδέ,
915 4065 1108 4160 παραδείσω
