2722 4646
325 278 332 286 .
392 231 851 295 τσιιεοειεοετει-ε.
897 252 901 265 =
1095 220 1141 294 55

100 334 207 433 ἣοδχ
222 336 333 419 ἱκανός
354 333 440 406 είναί
461 361 516 408 σοι
534 339 626 408 δοκεῖ
645 335 664 408 ὃ
685 341 859 424 Καύκασος
879 344 935 411 καί
957 338 1075 426 ἀλλους
1097 341 1138 413 ἀν

98 449 255 534 χωρῆσαι
265 440 325 510 δόο
339 443 735 529 προσπατταλευθένταςς
757 440 826 511 ἀλλ’
837 440 930 534 όρεγε
941 443 999 535 τήν
1013 448 1137 529 δεξιάν·
1187 448 1193 465 ’

101 545 144 618 σὺ
155 546 203 629 δδ,
219 534 248 612 τί
256 540 429 634 Ἥφαιστε,
439 543 609 613 κατάκλειε
621 551 676 613 καί
684 546 854 634 προσήλου
863 538 924 615 Ικαὶ
935 546 993 637 τήν
1007 556 1136 640 σφῦραν

100 647 297 741 ἐρρωμένως
317 648 494 738 κατάφερε.
539 645 597 729 δός
617 651 673 716 καί
692 647 750 738 τήν
767 647 895 739 ἑτέραν·
920 653 1137 741 κατειλήφθω

100 742 139 821 εὖ
154 752 250 838 μάλα
266 753 322 819 καί
339 747 432 839 αάτή.
467 741 597 835 εόίχει.
636 753 883 841 καταπτήσεται
904 753 941 820 δὲ
961 750 1023 841 ήδη
1045 753 1140 822 καλό
1186 782 1195 799 ⁴

98 852 202 936 ἀετός
220 849 392 943 ἀποκερῶν
408 851 447 922 τὸ
465 843 556 943 ἧπαρ
561 905 571 936 ,
591 849 638 935 ὥς
653 854 764 923 πάντα
776 853 864 939 ίχοις
878 851 951 923 ἀντὶ
962 862 1021 944 τῆς
1038 859 1137 946 καλής

100 959 161 1026 καί
178 954 363 1045 εὐμηχάνου
381 958 575 1046 πλαστικῆς.

150 1066 271 1123 ΠΡΟΜ-
295 1049 445 1149 ςίίίὶρόνε
462 1060 518 1127 καὶ
531 1055 656 1128 Ἰαπετδ
672 1063 729 1127 καί
746 1058 800 1139 σὺ,
820 1050 849 1127 ὦ
864 1067 981 1149 μήτερ,
1001 1058 1058 1128 οία
1075 1056 1170 1134 πέ-εε

96 1168 220 1233 πονθα
238 1157 256 1230 ό
274 1160 482 1246 κακοδαίμων
501 1157 595 1230 οόδδν
613 1161 719 1231 δεινόν
737 1162 966 1252 ίργασόμενος.
1292 1169 1299 1179 “

151 1271 241 1329 ΕΡΜ.
278 1260 386 1346 Οῧδὲν,
406 1254 434 1331 ὦ
451 1270 643 1352 Προμηθεῦ,
663 1264 771 1334 δεινὸν
787 1266 943 1355 είργάσω,
963 1264 1000 1348 ὃς
1018 1272 1137 1356 πρῶτα

96 1369 159 1457 μὲν
178 1365 237 1457 τήν
253 1364 354 1456 νομήν
370 1372 437 1435 τῶν
449 1373 551 1456 κρεῶν
565 1365 782 1455 ἐγχειρισθεὶς
796 1364 901 1448 οάτως
915 1365 1029 1437 ἀδικον
1042 1369 1135 1437 ἐποι-

97 1471 173 1560 ήσω
192 1471 248 1537 καί
267 1465 438 1558 ἀπατηλήν
456 1464 503 1549 ὦς
525 1477 636 1559 σαυτῷ
657 1472 716 1555 μὲν
737 1468 780 1538 τὰ
802 1471 961 1539 κάλλιστα
983 1468 1138 1553 ὑπεξελέ-

99 1579 204 1652 σθαι,
223 1569 281 1640 τὸν
293 1577 360 1640 Δία
374 1572 410 1639 δὲ
423 1574 721 1660 παραλογίσασθαι
733 1569 817 1641 ὀστᾶ
831 1570 1007 1661 ς’καλόψας
1025 1572 1139 1662 ἀργέτι

99 1671 241 1763 δημῷ”,·
269 1679 437 1762 μέμνημαι
456 1673 520 1762 γάρ
539 1672 692 1743 Ἡσιόδου
713 1674 751 1764 νὴ
774 1672 829 1744 Δί’
841 1672 946 1756 οότως
967 1677 1135 1757 εἰπόντος·

8 1846 10 1861 ,
98 1777 220 1845 ἔπειτα
247 1777 284 1846 δὲ
309 1777 388 1858 τοὺς
414 1774 619 1865 ἀνθρώπους
643 1775 847 1859 ἀνέπλασας,
883 1779 1136 1866 πανουργότατα

99 1880 185 1967 ζῷα,
213 1881 269 1946 καί
285 1880 431 1963 μάλιστά
452 1904 490 1968 γε
510 1877 571 1961 τὰς
590 1892 777 1967 γυναῖκας·1
792 1878 850 1947 ἐπὶ
867 1886 954 1948 πᾶσι
976 1879 1067 1949 δὲτὸ
1085 1907 1138 1949 τι·

8 1972 10 2005 s
99 1981 269 2069 μιιότατον
281 1988 388 2070 κτῆμα
399 1987 466 2050 τῶν
474 1989 566 2050 θεῶν
573 1981 613 2050 τὸ
622 1989 690 2071 πῦρ
699 1985 825 2069 κλέψας
832 1985 888 2049 καί
898 1988 997 2050 τοῦτο
1011 1981 1138 2062 ἐ’δωκας

99 2097 175 2164 τοῖς
191 2081 399 2170 ἀνθρώποις.
434 2090 582 2154 τοσαῦτα
606 2083 698 2154 δεινὰ
719 2084 930 2175 εἰργασμένος
951 2081 1018 2173 φής
1033 2085 1135 2170 μηδὲν

100 2183 264 2274 ἀδικήσας
281 2187 459 2272 δεδέσθαις

152 2295 271 2381 ῌΡΟΜ
299 2286 438 2370 Ἔοικας,
454 2279 596 2379 ὦἙρμή,
610 2292 667 2357 καί
676 2288 715 2359 σὺ
724 2289 808 2359 κατὰ
817 2286 1134 2379 τὸν“ί)μηρον“ἀναί-
1151 2313 1170 2364 ι,

98 2417 175 2461 τιον
195 2389 424 2475 αδτιάασθαι,”
437 2390 476 2474 ὃς
492 2390 695 2460 τὰτοιαῦτα
711 2417 772 2479 μοι
792 2399 988 2484 προφέρεις,
1016 2391 1067 2482 ἀφ’
1084 2391 1135 2473 οίς

100 2494 204 2584 ἵγωγε
220 2501 280 2584 τής
297 2495 330 2562 όν
346 2500 532 2583 πρυτανείῳ
551 2495 724 2582 σιτήσεως,
744 2495 776 2562 εί
791 2494 834 2563 τὰ
853 2497 964 2564 δίκαια
982 2495 1133 2583 ἐγίγνετο,

101 2596 307 2686 ἐτιμησάμην
325 2593 365 2664 ἀν
382 2596 525 2685 ἐμαυτῷ.
552 2596 583 2663 εί
599 2601 677 2682 γοῦν
695 2598 795 2684 σχολή
814 2621 879 2679 σοι,
898 2596 1004 2685 ἡδέως
1022 2594 1062 2664 ἀν
1078 2602 1134 2664 καὶ

7 2740 9 2789 5
101 2701 415 2787 δικαιολογησαίμην
427 2696 588 2788 ὖπὲρτολν
601 2697 809 2787 ἐγκλημάτων
823 2696 868 2779 ὥς
882 2700 1027 2784 δείξαιμι
1036 2694 1135 2765 άδικα

7 2860 8 2863 ,
101 2801 266 2890 ἐγνωκότα
282 2805 362 2889 περὶ
378 2799 471 2890 ήμῶν
488 2799 545 2870 τὸν
563 2806 644 2870 Δία·
663 2799 703 2869 σὺ
722 2800 761 2868 db
775 2840 819 2851 -
836 2800 1008 2887 στωμύλος
1023 2800 1086 2890 γάρ
1104 2798 1137 2869 εἶ

100 2908 159 2974 καί
177 2904 342 2984 δικανικός
358 2943 401 2954 -
419 2900 629 2992 ἀπολόγησαι
646 2900 730 2991 ὑπὲρ
749 2900 852 2972 αότοῦ
870 2899 917 2984 ιός
934 2905 1063 2987 δικαίαν
1075 2901 1134 2993 τήν

102 3015 220 3098 ψήφου
238 3006 352 3089 ἔθετο,
377 3004 656 3094 ἀνεσταυρῶσθαί
670 3030 713 3092 με
729 3009 872 3096 πλησίον
888 3013 954 3075 τῶν
971 3013 1133 3084 Κασπίων
1214 3077 1226 3105 h

101 3110 229 3180 τούτων
246 3112 362 3179 πυλῶν
379 3108 437 3177 ἐπὶ
453 3115 511 3177 τοῦ
530 3109 706 3177 Καυκάσου
729 3109 893 3181 τ’ίκτιστον
914 3115 1031 3197 θέαμα
1047 3116 1135 3178 πάσι

101 3214 264 3292 Σκύθαις.
831 3264 842 3291 „

153 3323 243 3380 Em
277 3312 527 3404 Ἐκπρόθεσμον
551 3315 625 3401 μὲν,
658 3304 908 3405 ὦΠρόμηθεῦ,
935 3312 994 3404 τήν
1020 3315 1134 3402 ἔφεσιν

101 3414 228 3508 ἀγωνιῇ
245 3420 301 3485 καὶ
318 3416 367 3498 είς
383 3413 479 3485 οὗδὲν
497 3417 587 3486 δίον·
604 3412 696 3503 ὅμως
713 3415 744 3485 δ’
757 3408 815 3486 οὖν
826 3419 913 3506 λέγε·
930 3419 987 3485 καί
998 3415 1061 3505 γάρ
1075 3411 1135 3483 ἀλ

102 3523 170 3603 λως
186 3524 372 3608 περιμένειν
390 3516 574 3607 ἀναγκαῖον,
593 3517 658 3589 ἔστ’
672 3517 749 3589 ἀνό
771 3516 867 3600 ἀετός
888 3525 1039 3608 καταπτῇ
1058 3516 1134 3585 ἀπι-

100 3621 327 3712 μελησόμενός
349 3647 409 3690 σου
430 3627 490 3690 τοῦ
512 3618 653 3713 ήπατος.
687 3621 745 3713 τήν
767 3619 865 3709 ἐντῷ
881 3625 973 3708 μέσῳ
997 3619 1036 3709 δή
1053 3619 1134 3688 ταό-

53 3720 62 3743 ‘
100 3753 161 3816 την
174 3724 292 3815 σχολήν
305 3729 413 3807 καλῶς
426 3720 466 3793 ἀν
480 3724 531 3813 ε’ίη
541 3724 613 3809 ἕχον
626 3725 673 3805 είς
687 3722 844 3815 ἀκρόασιν
858 3724 1134 3813 καταχρήσασθαι
1174 3802 1177 3808 .

100 3825 308 3919 σοφιστικήν,
328 3827 399 3909 οίος
416 3823 449 3896 εί
464 3823 505 3896 σὺ
523 3827 791 3916 πανουργότατος
808 3825 842 3895 ἐν
856 3838 929 3906 τοῖς
946 3827 1067 3914 λόγοις.

153 3937 270 3995 ΠΡΟΜ,
308 3929 474 4020 Πρότερος
500 3920 571 4012 οάν,
600 3920 758 4019 ἀἙρμή,
785 3931 933 4018 λέγεκαὶ
954 3925 1047 4010 ὅπως
1067 3954 1132 4015 μου
1150 3950 1167 4002 ο

100 4030 150 4115 ὥς
177 4034 351 4104 δεινότατα
370 4031 603 4124 κατηγορήσεις
627 4034 711 4122 μηδὲ
731 4032 912 4123 καθυφήση
938 4059 973 4101 τι
993 4037 1060 4101 τῶν
1082 4034 1133 4101 δι-
