2752 4632
232 252 297 321 172
616 266 871 322 Δουκικσον

230 370 290 442 τόν
306 370 445 462 οάρανόν
463 369 615 440 ἀνελθεῖν
634 369 770 440 δυνατόν
786 361 838 460 ἦν,
867 367 926 439 οάκ
948 366 987 439 ἀν
1005 368 1201 457 ἐκάμνομεν·
1232 372 1268 442 ἐκ

231 481 407 566 περιωπῆς
422 473 485 562 γὰρ
504 470 545 543 ἀν
563 470 706 561 ἀκριβῶς
723 470 855 542 ἅπαντα
871 473 1058 562 καθεώρας.
1085 472 1163 543 ἐπεὶ
1174 475 1213 543 δέ
1225 472 1267 544 οὔ
1361 528 1363 557 ;

231 583 334 664 θέμις
355 576 507 657 εἰδώλοις
533 573 586 645 ἀεί
607 578 747 646 συνόντα
768 576 976 663 ἐπιβατεύειν
996 582 1063 645 τῶν
1086 578 1268 663 βασιλείων
1362 570 1363 603 Τ

199 806 215 856 υ
283 799 370 854 XAP.
406 778 532 865 θ’λοθα,
559 773 715 872 ὦἙρμῆ,
743 777 830 871 άπερ
848 782 959 851 ε’ίωθα
975 784 1079 871 λέγειν
1097 781 1161 872 ἐγὼ
1180 784 1268 873 πρὸς

231 881 331 972 ύμάς,
360 882 496 954 όπειδδιν
513 887 683 971 πλέωμενς
712 881 840 954 όπόταν
861 882 924 974 γὰρ
944 882 987 953 τὸ
1001 893 1134 971 πνεῦμα
1148 911 1269 956 καται-

232 992 328 1077 γίσαν
344 989 470 1078 πλαγία
486 994 527 1079 τῇ
541 984 646 1077 όθόνη
662 987 788 1078 έμπίση
802 985 906 1055 καὶτὸ
920 993 1006 1073 κῦμα
1019 985 1149 1078 ύψηλόν
1162 985 1266 1078 ἀρθῇ,

231 1092 309 1161 τότε
324 1088 420 1176 ύμεῖς
439 1090 500 1176 μὲν
520 1087 578 1158 ἀπ’
598 1087 732 1178 ἀγνοίας
752 1091 899 1160 κελεύετε
919 1089 976 1180 τὴν
995 1086 1119 1179 όθόνην
1137 1093 1269 1160 στεῖλαι

232 1189 254 1282 ἢ
272 1191 421 1262 ἐνδοῦναι
438 1192 548 1281 όλίγον
564 1199 623 1262 τοῦ
640 1192 749 1274 ποδός
765 1190 787 1282 ἢ
804 1194 1034 1282 συνεκδραμεῖν
1055 1200 1103 1281 τῷ
1121 1199 1266 1276 πνέοντι,

233 1293 297 1383 ίγιδ
316 1296 352 1380 δὲ
368 1293 427 1384 τὴν
439 1293 575 1384 ἡσυχίαν
589 1292 679 1383 ἀγειν
696 1296 962 1383 παρακελεύομαι
975 1294 1068 1381 ύμῖν·
1086 1293 1188 1376 αύτὸς
1204 1294 1268 1386 γάρ

231 1397 355 1465 είδίναι
371 1395 410 1465 τὸ
427 1399 567 1484 βέλτιον.
596 1397 681 1466 κατὰ
697 1395 802 1466 ταύτά
820 1396 859 1486 δὴ
877 1400 933 1467 καὶ
949 1396 991 1467 σύ
1007 1404 1135 1487 πρᾶττε
1152 1396 1268 1469 όπόσα

231 1500 341 1579 καλῶς
358 1498 442 1584 ἔχειν
458 1500 602 1585 νομίζεις
617 1501 814 1591 κυβερνήτης
830 1507 887 1569 νῦν
903 1526 940 1588 γε
958 1499 1019 1568 ἀν·
1036 1499 1110 1590 ’ἐγὼ
1129 1502 1179 1582 δὲ,
1200 1497 1269 1569 ‹30-

232 1627 297 1691 περ
315 1600 493 1688 ἐπιβάταις
509 1604 623 1687 νόμος,
652 1611 764 1694 σιωπῇ
782 1605 992 1690 καθεδοῦμαι
1012 1604 1124 1673 πάντα
1140 1604 1268 1673 πειθό-

232 1729 331 1790 μενος
346 1706 511 1783 κελεύοντί
528 1731 592 1775 σοι.
840 1792 842 1795 ¹

284 1823 370 1879 ΕΡΜ.
401 1805 524 1898 Ὀρθῶς
546 1811 665 1895 λέγεις·
698 1805 798 1889 αὐτὸς
813 1807 876 1898 γάρ
898 1808 1033 1893 εἴσομαι
1053 1812 1089 1877 τί
1108 1814 1267 1898 ποιητέον

232 1906 422 2000 κάξευρήσω
439 1897 498 2000 τὴν
517 1910 626 2000 λιωινὴν
644 1912 780 2000 σκοπήν.
817 1901 867 2000 ἀρ’
883 1902 940 1980 οὖν
962 1907 981 1978 ό
998 1912 1174 1993 Καύκασος
1192 1911 1268 1980 zm-

231 2013 362 2102 τήδειος
379 2010 400 2102 ἢ
418 2009 437 2080 ό
455 2012 651 2104 Παρνασσός
667 2010 689 2102 ἢ
705 2010 912 2104 ύψηλότερος
928 2011 1055 2105 ἀμφοῖν
1072 2011 1269 2101 όὌλυμπος

232 2115 390 2200 δκεινοσίς
406 2122 515 2184 καίτοι
532 2114 571 2184 οδ
586 2119 715 2206 φαῦλον
732 2115 751 2184 ὃ
765 2114 973 2206 ἀνεμνήσθην
991 2115 1025 2197 ές
1040 2113 1268 2203 τδνλίλυμπον
1362 2104 1363 2115 ¹

233 2213 380 2286 ἀπιδών·
399 2232 573 2305 συγκαμεῖν
591 2220 629 2287 δέ
644 2246 679 2287 τι
694 2222 751 2287 καί
767 2215 976 2309 ύπουργῆοαι
993 2221 1048 2287 καί
1066 2221 1104 2289 σὲ
1121 2221 1184 2289 δεῖ.

285 2335 370 2391 XAP.
406 2320 611 2406 Πρόσταττε·
633 2318 833 2411 ύπουργήσω
850 2320 912 2410 γὰρ
932 2318 997 2390 όσα
1014 2322 1149 2391 δυνατά.

284 2436 370 2494 ΕΡΜ.
397 2417 534 2511 Ὅμηρος
547 2420 565 2491 ό
579 2425 720 2514 ποιητής
738 2449 821 2514 φησι
834 2422 911 2504 τοὺς
924 2421 1068 2505 Ἀλωέως
1085 2425 1187 2506 υἱέας,
1208 2426 1268 2497 δύο
1361 2436 1362 2491 3

232 2526 289 2592 καὶ
307 2521 428 2605 αὐτούς
445 2521 554 2608 όντας,
583 2524 632 2594 δτι
651 2528 779 2608 παῖδας
801 2524 962 2615 δθελησαί
981 2551 1065 2594 ποτε
1081 2525 1269 2615 τὴνλίοσαν

234 2626 269 2695 ἐκ
289 2628 429 2715 βάθρων
451 2624 708 2709 ἀνασπάσαντας
729 2627 899 2698 ἀποθεῖναι
920 2635 969 2717 τῷ
991 2625 1156 2717 Ὀλύμπῳ,
1196 2628 1269 2699 εἶτα

232 2727 272 2798 τὸ
290 2731 413 2819 Πήλιον
431 2726 483 2798 ἐπ’
499 2727 593 2820 αότῇ,
628 2730 737 2820 ἱκανὴν
757 2732 877 2819 ταύτην
894 2734 1035 2815 κλίμακα
1053 2731 1136 2814 ἕξειν
1154 2732 1270 2817 οἰομέ-

137 2822 140 2827 ⁴
232 2832 381 2911 νουςκαί
397 2831 585 2921 πρόσβασιν
603 2830 661 2902 ἐπὶ
678 2831 735 2901 τὸν
753 2830 901 2923 ούρανόν.
937 2833 1047 2902 έκείνω
1066 2836 1125 2920 μέν
1143 2825 1202 2902 σόν
1219 2832 1269 2903 το)
1359 2866 1361 2901 τ

232 2939 406 3019 μειρακίω,
435 2931 619 3003 ἀτασθάλω
637 2933 699 3024 γὰρ
717 2932 832 3025 ἤστην,
860 2937 953 3017 δίκας
970 2935 1137 3024 ἐτισάτην·
1163 2935 1212 3005 νιό
1231 2938 1269 3006 δέ
1360 2980 1361 3017 ;

233 3032 333 3102 -ού
355 3034 417 3124 γὰρ
440 3035 497 3106 ἐπὶ
519 3044 607 3126 κακῷ
628 3044 695 3105 τῶν
715 3044 807 3107 θεῶν
828 3044 933 3106 ταῦτα
952 3040 1151 3124 βουλεύομεν
1170 3080 1211 3090 -
1235 3046 1270 3108 τί

233 3133 307 3221 οόχί
325 3139 562 3225 οἰκοδομοῦμεν
578 3142 633 3207 καί
647 3138 742 3210 αότοί
754 3140 838 3209 κατὰ
848 3138 892 3209 τά
902 3138 992 3208 αότδι
1006 3140 1269 3223 έπικολίνδοντες

234 3237 402 3328 ἐπάλληλα
420 3241 461 3310 τά
480 3240 553 3331 όρη,
574 3239 620 3323 ὡς
638 3242 765 3330 έχοιμεν
783 3240 840 3333 ἀφ’
855 3239 1062 3333 ύψηλοτέρου
1078 3241 1270 3335 ἀκριβεστέ-

233 3369 294 3433 ραν
311 3343 368 3433 την
386 3346 528 3433 σκοπήνς

198 3465 217 3514 4
285 3462 369 3518 xAP.
403 3452 469 3514 Καί
483 3449 709 3538 δυνησόμεθα,
728 3440 879 3538 ὦἜρμῆ,
900 3445 953 3518 δύ’
965 3446 1057 3530 όντες
1070 3445 1270 3525 ἀναθέσθαι

180 3610 183 3614 ,
232 3544 393 3638 ἀράμενοι
409 3548 448 3617 τὸ
467 3552 590 3640 Πήλιον
607 3549 629 3640 ἢ
645 3550 704 3639 τὴν
713 3547 846 3634 ’δοσανς

284 3667 370 3723 EPM.
405 3651 471 3721 Διά
496 3658 531 3720 τί
556 3651 588 3721 δ’
608 3650 666 3721 οάκ
692 3652 745 3735 ἀν,
776 3645 964 3744 ιόΧάρων,·
998 3649 1020 3742 ἢ
1046 3649 1154 3735 ἀξιοῖς
1180 3649 1270 3741 ἡμᾶς

232 3749 479 3842 ἀγεννεστέρους
497 3753 581 3825 εἶναι
597 3770 668 3826 τοῖν
684 3758 896 3846 βρεφυλλίοιν
914 3754 1061 3839 ίκείνοιν,
1088 3757 1145 3824 καί
1161 3762 1270 3824 τοῦτο

166 3874 169 3883 ’
231 3855 335 3936 θεοὺς
352 3854 575 3944 ύπάρχοντας,·
629 3910 633 3917 .

284 3974 369 4030 ΧΑΡ.
406 3958 482 4044 Θύκ,
506 3958 591 4043 ἀλλὰ
607 3960 646 4030 τὸ
664 3966 803 4051 πράγμα
820 3964 912 4032 δοκεῖ
925 3988 985 4050 μοι
1002 3959 1174 4031 ἀπίθανόν
1192 3986 1270 4032 τινα

231 4057 291 4150 τὴν
306 4065 543 4152 μεγαλουργίαν
562 4064 653 4148 έχειν.
1358 4060 1359 4067 ¹
