2722 4646
407 259 461 314 ΙΠ.
477 258 685 314 ΝΙΓΡΙΝΟΣ
702 259 824 315 21-26.
1087 250 1129 315 21

91 372 274 452 καθαιρεῖν
297 361 481 445 αάτῶνκαὶ
500 361 705 445 ἐπευωνίζειν
722 363 779 453 τὴν
798 366 990 434 δυναστείαν
1008 365 1133 435 δπιτει·

90 475 254 555 χίσαντας
270 472 320 555 τῶ
336 465 473 555 πλούτῳ
490 463 547 556 τῂν
565 463 770 555 όπεροψίαν·
794 474 849 534 νόν
867 469 903 534 δὲ
921 470 1133 558 λατρεύοντες

71 595 75 601 ·
92 573 140 652 είς
155 568 325 639 ἀπόνοιαν
337 565 465 657 ἀγαυοί.
493 566 600 638 καὶτὸ
613 570 672 655 μέν
686 564 807 659 ἀνδρας
826 570 962 651 ἰδιώτας
978 575 1035 640 καὶ
1053 570 1134 641 ἀνα-
1150 595 1184 646 24

92 672 225 766 φανδὸν
242 669 301 761 τὴν
319 668 542 740 ἀπαιδευσίαν
558 668 802 760 ὁμολογοῦντας
813 670 857 740 τὰ
869 680 1008 741 τοιαῦτα
1021 688 1134 744 ποιεῖν

90 776 317 866 μετριώτερον
339 771 380 842 ἀν
402 774 538 855 εἰκότως
559 781 751 864 νομισθείη·
774 772 813 843 τὸ
833 775 869 843 δὲ
885 779 943 842 καὶ
958 783 1023 844 τῶν
1039 804 1140 858 τινας.

91 882 298 969 φιλοσοφεῖν
306 882 603 975 προσποιουμένων
612 881 728 966 πολλῷ
741 878 790 946 ἔτι
802 879 929 946 τούτων
930 881 1131 1007 γελριότερα

92 984 208 1068 δρᾶν,
216 977 303 1048 τοῦτ’
327 976 389 1069 ἤδη
411 978 450 1047 τδ
474 981 662 1049 δεινότατόν
685 981 765 1049 ἐστι.
805 988 881 1061 πῶς
902 979 964 1071 γὰρ
987 982 1052 1049 οίει
1073 980 1131 1070 τὴν

91 1082 205 1172 ψυχὴν
224 1085 464 1151 διατεθεῖσθαί
479 1106 553 1168 μοι,
572 1078 652 1150 όταν
664 1083 728 1150 ι’δω
740 1084 865 1152 τούτων
877 1083 965 1164 τινὰ,
984 1085 1131 1169 μάλιστα

90 1193 161 1256 τῶν
178 1162 444 1275 προβεβηκότων,
464 1183 722 1272 ἀναμεμιγμένον
735 1186 880 1255 κολάκων
895 1183 980 1311 ύχληη
994 1190 1051 1254 καὶ
1063 1194 1132 1256 τῶν

92 1285 145 1357 ἀπ’
177 1285 277 1369 ἀξίας
305 1286 379 1355 τινὰ
407 1288 656 1377 δορυφοροῦντα
679 1291 735 1354 καὶ
761 1301 833 1368 τοῖς
858 1287 977 1356 ἐπὶ
940 1315 984 1358 τα
1010 1291 1130 1358 δεῖπνα

91 1392 361 1478 παραγγέλλουσι
374 1391 670 1478 κοινολογούμενον,
690 1387 930 1480 έπιαημύτερόν
942 1416 979 1460 τε
991 1398 1057 1460 τῶν
1071 1390 1136 1461 άλι

90 1496 160 1562 λων
179 1490 251 1561 ἀπὸ
269 1499 328 1561 τοῦ
345 1494 516 1582 σχήματος,
527 1489 607 1560 δντα
623 1494 679 1559 καί
695 1491 940 1582 φανερώτερονς
957 1494 1045 1563 καλό
1062 1496 1130 1582 μά-

8 1600 9 1613 ’
91 1598 193 1664 λιστα
212 1592 397 1684 ἀγανακτῶ,
417 1591 471 1664 ὅτι
486 1593 532 1684 μὴ
549 1598 606 1663 καὶ
621 1592 679 1684 τὴν
697 1592 811 1683 σκευὴν
827 1597 1128 1683 μεταλαμβάνουσι,

90 1697 135 1767 τὰ
154 1696 241 1766 άλλα
257 1722 294 1785 γε
312 1693 436 1783 ὁμοίως
457 1693 708 1783 ύπυκριυόμενοι
728 1704 788 1765 τοῦ
811 1697 991 1786 δράματος.
1025 1700 1047 1768 ἃ
1068 1702 1128 1787 μέν
1146 1721 1181 1770 ια

93 1798 159 1890 γὰρ
177 1799 212 1868 ἐν
228 1812 301 1879 τοῖς
319 1806 520 1885 συμποσίοις
537 1799 727 1887 ἐργάζονται
744 1806 809 1868 τίνι
826 1807 892 1869 τῶν
909 1805 1016 1871 καλῶν
1038 1804 1129 1871 είκά-

95 1928 213 1987 σομενς
231 1899 290 1970 ούκ
303 1900 525 1993 ίμφοραδνται
537 1903 596 1987 μέν
609 1901 924 1992 ἀπειροκαλώτερον,
942 1905 1130 1990 μεθύσκον·
1208 1934 1213 1943 ’

96 2016 154 2073 ται
178 2006 215 2073 δδ
241 2006 478 2095 φανερώτερον,
505 2003 731 2086 ἐξανίστανται
757 2005 793 2072 δέ
818 2006 953 2073 πάντων
977 2002 1126 2089 ύστατοι,

94 2110 201 2176 πλείω
220 2108 257 2175 δ
274 2104 457 2196 ἀποφέρειν
474 2114 542 2175 τῶν
559 2098 667 2176 ἀλλων
689 2104 853 2191 ἀξιούσινς
881 2108 914 2175 σί
936 2109 972 2176 δδ
995 2106 1126 2177 ἀστειό-

93 2235 187 2300 οεροι
203 2207 420 2290 πολλόεας
380 2216 488 2278 αυτών
503 2201 600 2278 καί
578 2234 660 2301 φσαι
676 2211 906 2299 προήχθησαν.
941 2214 999 2279 καὶ
1018 2218 1127 2279 ταῦτα

92 2314 153 2400 μὲν
180 2303 238 2380 σύν
262 2314 376 2399 γελοία
401 2309 527 2400 ἡγεῖτο·
555 2314 715 2438 μάλιρτα
728 2314 765 2380 δὲ
791 2312 949 2402 ἐμέμνητο
975 2313 1083 2413 τῶνέ

1352 644 1353 715 λ

1350 718 1353 781 λ

1352 842 1353 877 ι

91 2420 213 2503 μισθῷ
238 2415 513 2503 φιλοσοφούντων
537 2413 649 2483 καί
614 2442 673 2504 την
695 2412 812 2506 ἀρετὴν
834 2414 932 2484 ώνιον
951 2410 1068 2504 ῶσπερ
1091 2417 1129 2499 έξ
1231 2488 1236 2495 7
1351 2426 1353 2513 η

93 2516 218 2608 ἀγορᾶς
239 2521 482 2605 προτιθέντων·
505 2516 703 2605 ἐργαστήρια
723 2524 801 2640 γρῦν
819 2516 930 2585 ἐκάλει
944 2521 1000 2586 καὶ
1017 2545 1125 2607 καπη·

93 2617 220 2688 λεῖα
184 2645 245 2700 τας
260 2619 385 2688 τούτων
404 2615 591 2711 διατριβάς·
608 2616 751 2708 ηξίου
715 2645 777 2706 γαρ
790 2618 848 2688 τὸν
860 2620 1005 2686 πλούτου
1024 2645 1125 2687 κατα-

93 2735 227 2812 φρονεῖν
253 2721 429 2804 διδάξαντα
455 2727 590 2810 πρῶτον
616 2719 715 2790 αὑτὸν
739 2728 893 2808 παρέχειν
919 2718 1125 2811 ὑψηλότερον

92 2824 283 2913 λημμάτων.
308 2820 424 2910 ἀμέλει
436 2826 492 2892 καί
504 2825 659 2915 πράττων
672 2829 778 2892 ταῦτα
796 2825 945 2906 διετέλει,
966 2821 1005 2893 ού
1021 2826 1122 2910 μόνον
1140 2845 1174 2896 26

93 2915 219 3016 προῖκα
234 2939 306 3007 ταις
323 2923 455 3008 ἀξιοῦσι
472 2929 719 3018 συνδιατρίβων,
742 2923 827 2994 ἀλλὰ
844 2929 898 2994 καὶ
916 2940 987 3008 τοῖς
1009 2929 1124 3015 δεομέ-

92 3028 333 3116 ναις-ἐπαρκῶν
349 3031 405 3096 καί
421 3030 533 3117 πάσης
548 3035 746 3118 περιουσίας
761 3036 984 3117 καταφρονῶν,
1004 3032 1124 3099 τοσού-

92 3155 152 3200 του
176 3132 260 3199 δέων
279 3127 459 3221 ὀρέγεσθαι
479 3138 547 3200 τῶν
567 3129 662 3201 αύδδν
682 3132 915 3221 προσηκόντων
936 3128 1023 3202 ώστε
1039 3135 1124 3222 μηδέ

93 3240 161 3302 τῶν
178 3233 297 3302 ἑαυτοῦ
316 3239 548 3325 φθειρομένων
564 3240 744 3303 ποιεῖσθαι
760 3235 928 3323 πρόνοιαν,
953 3231 990 3315 ύς
1010 3239 1124 3324 γεκαὶ
1196 3322 1198 3333 Ι

94 3334 196 3426 ἀγρόν
216 3333 256 3404 ού
277 3336 395 3421 πόρρω
415 3343 474 3426 τῆς
494 3336 626 3416 πόλεως
648 3342 839 3424 κεκτημένος
865 3334 942 3405 ούδδ
968 3337 1124 3424 έπιβῆναι

93 3437 197 3508 αάσοῦ
217 3440 350 3507 πολλῶν
372 3436 454 3507 ἐτῶν
474 3436 622 3527 ἠξίωσεν,
645 3435 714 3506 ἀλλ’
730 3437 807 3506 ούδδ
827 3437 887 3527 τὴν
903 3436 1003 3527 ἀρχὴν
1021 3437 1123 3505 αύτοῶ

93 3539 179 3611 εἶναι
197 3541 408 3628 διωμολόγει,
426 3538 515 3609 ταῦτ’
526 3538 622 3626 οἶμαι
639 3540 831 3631 διειληφὼς,
851 3537 1044 3619 ὅτιτούτων
1057 3542 1123 3629 φύ·

92 3645 234 3729 σειμίν.
248 3640 381 3724 ούδενός
402 3641 500 3727 ἔσμεν
520 3643 641 3732 ιώριοι,
668 3644 760 3731 νόμῳ
783 3644 892 3710 δὲκαὶ
910 3643 1046 3732 διαδοχῇ
1063 3640 1122 3732 την

38 3806 41 3815 ,
89 3752 206 3837 χρῆσιν
224 3743 332 3815 αάτῶν
349 3745 397 3826 εἷς
410 3741 566 3836 ἀόριστον
577 3745 890 3835 παραλαμβάνοντες
904 3742 1122 3834 ὀλιγοχρόνιοι

93 3849 258 3919 δεσπόσω
274 3849 494 3935 νομιζόμεθα,
515 3844 715 3936 κάπειδδνὴ
736 3852 935 3938 προθεσμία
953 3849 1123 3939 παρέλθῃ,

91 3958 268 4041 τηνικαῦτα
284 3948 489 4042 παραλαβών
506 3947 608 4047 ἀλλος,
621 3946 785 4021 ἀπολαύει
800 3956 859 4018 ταῶ
877 3945 1049 4036 ὀνόματος.
1080 3947 1120 4019 ού
1196 3967 1199 3971 ’

92 4053 193 4148 μικρὰ
212 4057 248 4125 δὲ
267 4053 346 4125 ούδέ
361 4053 466 4125 έκιῑνα
479 4057 616 4146 παρέχει
629 4064 700 4134 τοῖς
714 4053 828 4141 ζηλοῦν
842 4051 998 4133 έθέλουσι
1009 4079 1120 4146 παρα-
