2740 4648
568 1 612 12 -fv

384 206 452 262 xx.
476 206 739 277 οεοιοειμοε
759 206 879 263 ει-εε,
1081 197 1147 265 29²1·

167 327 256 385 EPM
294 309 338 385 Τδ
360 308 587 400 ἀληθέστατον
611 309 712 379 έκεῖνο
735 310 873 401 δηλαδή,
905 308 957 381 ότι
983 309 1079 402 ήμεῖς
1103 314 1147 387 τὰ

115 416 176 502 μὲν
192 423 347 485 Στωϊκῶν
364 419 419 484 καὶ
437 414 524 483 πάνυ
543 411 789 498 ἐκμανθάνομεν
812 412 857 495 ῶς
882 411 921 489 ἀν
942 415 1024 484 κατὰ
1042 424 1148 484 ταῦτα

117 521 316 608 φιλοσοφεῖν
335 516 515 603 ἀξιοῦντες,
540 513 598 583 ούκ
616 513 793 602 ἀγνοοῦμεν
812 519 847 585 δὲ
865 517 979 589 καὶτὰ
996 516 1063 589 όπδ
1081 527 1149 593 τῶν

118 619 231 715 ἀλλων,
247 623 419 711 λεγόμενα·
450 618 468 688 δ
491 618 553 708 γὰρ
577 620 777 700 διδάσκαλος
799 616 930 689 κάκεῖνα
951 621 1073 707 μεταξὺ
1092 626 1150 691 καὶ

118 726 254 806 διέξεισι
264 725 349 813 πρός
358 722 443 812 ήμᾶς
452 725 508 789 καὶ
521 720 698 813 ἀνατρέπει
710 748 747 811 γε
762 720 847 791 αὐτὰ
856 728 1024 813 προσθεὶς
1037 721 1146 804 αύτός.

168 844 252 899 ΛΥΚ
285 825 475 912 Ἤνομίζεις
485 825 631 893 ἐνταῦθα
641 825 1050 916 σιωπήσεσθαιήμῖντοὺς
1060 824 1147 916 ἀμφὶ
1165 850 1200 899 38

115 928 174 997 τὸν
188 930 349 998 Πλάτωνα
366 933 421 997 καὶ
434 929 636 1016 Πυθαγόραν
653 932 708 996 καὶ
718 925 908 1021 Ἐπίκουρον
926 934 981 999 καὶ
997 929 1076 1010 τούς
1090 927 1150 997 άλ-

116 1035 204 1113 λους,
225 1029 297 1115 ούχὶ
307 1024 342 1100 δέ
353 1027 664 1119 άναγελάσανταςάν
674 1032 779 1099 εἰπεῖν
790 1032 875 1122 πρὸς
891 1031 956 1117 ἐμέ,
977 1032 1033 1102 οἷα
1041 1045 1145 1114 ποιεῖ,

118 1125 145 1200 ὦ
163 1146 297 1214 Λυκῖνε,
325 1131 343 1202 δ
363 1133 493 1221 ἑταῖρός
512 1156 571 1201 σου
592 1130 837 1222 δἜρμότιμος,·
864 1133 955 1229 ἀξιοῖ
968 1134 1149 1225 τοῖςάντω

118 1238 223 1317 δίκαις
240 1241 318 1326 περὶ
335 1234 428 1324 ήμῶν
445 1236 613 1307 πιστεύειν
631 1241 690 1309 καὶ·
708 1238 814 1315 οἴεται
836 1245 976 1331 τοιαῦτα
999 1236 1082 1308 εἶναι
1104 1237 1147 1307 τδι

116 1336 259 1428 ήμέτερα
277 1337 369 1408 ὁποῖ’
386 1337 426 1407 ἀν
445 1339 561 1407 ἐκεῖνοι
579 1336 727 1427 φῶσινή
745 1336 803 1407 ούκ
821 1338 983 1429 εἰδότεςή
1005 1342 1150 1430 κρυπτά

117 1467 211 1527 μενοι
236 1438 397 1530 τάληθές,·
429 1438 545 1509 ούκοῦν
571 1437 610 1529 ήν
635 1467 709 1509 τινα
735 1446 883 1519 καὶτῶν
910 1440 1065 1532 ἀθλητῶν
1093 1444 1148 1533 ’ίδη

120 1541 318 1628 ἀσκούμενον
340 1543 407 1630 πρὸ
430 1550 489 1613 τοῦ
513 1540 653 1630 ἀγῶνος,
680 1546 871 1626 λακτίζοντα
892 1545 926 1626 ἐς
947 1544 1004 1613 τὸν
1027 1543 1149 1635 ἀέραῆ

118 1643 188 1728 πύξ
203 1645 293 1734 κενήν
310 1647 436 1735 πληγήν
458 1671 532 1713 τινα
553 1651 794 1734 καταφέροντα,
823 1645 868 1726 ῶς
889 1647 947 1716 τὸν
969 1645 1149 1736 ἀνταγωνι-

119 1746 197 1837 στήν
215 1750 317 1837 δῆθεν
338 1754 496 1829 παίοντα,
525 1744 628 1827 εὐθὺς
646 1745 838 1837 ἀνακηρύξει
860 1746 959 1818 αύτδν
979 1747 1150 1837 ἀγωνοθέ-

117 1877 177 1940 της
195 1848 240 1918 ῶν
259 1848 304 1931 ῶς
323 1849 448 1937 ἀμαχάν
461 1876 543 1933 τινα,
563 1846 585 1938 ἢ
599 1850 704 1918 ἐκεῖνα
717 1852 775 1935 μὲν
790 1850 937 1938 οἰήσεται
950 1854 1051 1940 ῥᾴδια
1064 1851 1149 1922 εἶναι

118 1956 174 2021 καί
193 1951 327 2042 ἀσφαλῆ
345 1953 386 2020 τὰ
404 1954 628 2038 νεανιεύματα,
650 1950 782 2032 ούδενδς
795 1948 1027 2040 ἀνταιρομένου
1046 1951 1147 2042 αύτῷ,

117 2055 176 2144 τήν
195 2057 230 2122 δὲ
248 2062 335 2145 νίκην
352 2062 528 2145 τηνικαῦτα
545 2061 727 2141 κρίνεσθαι,
748 2052 875 2122 όπόταν
887 2062 1149 2144 καταγωνίσηται

118 2157 177 2226 τὸν
186 2155 365 2226 ἀντίπαλον
375 2156 474 2226 αύτδν
483 2161 538 2224 καὶ
550 2157 703 2245 κρατήσῃ,
724 2154 741 2225 ό
757 2155 788 2223 δ’
801 2154 1021 2247 ἀπαγορεύσῃ,
1042 2155 1151 2239 άλλως

120 2263 157 2329 δέ
176 2259 229 2339 ού,·
246 2260 291 2349 μή
309 2268 416 2329 τοίνυν
428 2261 511 2348 μηδὲ
521 2257 714 2348 Ἑρμότιμος
728 2256 785 2346 ἀφ’
798 2250 842 2329 ῶν
856 2257 895 2329 ἀν
910 2261 942 2328 οἱ
955 2262 1149 2330 διδάσκαλοι

120 2361 221 2431 αύτού
241 2370 448 2448 σκιαμαχῶσι
470 2361 555 2450 πρὸς
577 2359 664 2449 ήμάς
686 2359 846 2443 ἀπόντας,
876 2363 1001 2432 οἰέσθω
1020 2377 1150 2452 κρατεῖν

120 2463 238 2545 αύτούς
256 2463 277 2554 ή
293 2464 335 2533 τὰ
354 2463 497 2553 ἡμέτεραΙ
511 2472 649 2531 τοιαῦτα
668 2461 751 2532 εἶναι
765 2462 810 2544 ῶς
824 2463 1072 2555 ἀνατρέπεσθαι
1089 2469 1150 2555 ῥηι-

121 2570 215 2647 δίως·
234 2568 308 2636 ἐπεὶ
325 2566 364 2635 τὸ
382 2573 530 2634 τοιοῦτον
548 2562 663 2651 όμοιον
681 2563 721 2633 ἀν
739 2563 823 2634 εἶναι
839 2579 910 2646 τοῖς
926 2574 991 2634 τῶν
1004 2569 1149 2655 παιδίων

123 2669 388 2760 οἰκοδομήμασιν,
413 2668 751 2748 ἀκατασκευάσαντες
768 2667 885 2736 ἐκεῖνοι
903 2666 1029 2757 άοθενή
1047 2668 1149 2750 εὐθὺς

123 2767 370 2861 ἀνατρέπουσιν,
394 2769 416 2861 ή
434 2775 492 2857 καὶ
508 2770 546 2859 νὴ
565 2776 630 2839 Δία
647 2783 719 2850 τοῖς
739 2770 883 2852 τοξεύειν
902 2775 1090 2856 μελετῶσιν,
1115 2776 1150 2841 οἳ

120 2874 231 2965 κάρφη
248 2874 322 2943 τινά
341 2875 569 2964 συνδήσαντες,
590 2854 781 2941 έπειτάέπλ
799 2879 912 2951 κοντοῦ
930 2873 1091 2962 πήξαντες
1109 2871 1148 2943 ού

120 2977 237 3064 πόρρω
256 2983 462 3066 προθέμενοι
480 2977 692 3061 στοχάζονται
710 2972 875 3064 ἀφιέντες,
898 2973 1007 3065 καλήν
1025 2976 1151 3060 τύχωσί

121 3101 207 3146 ποτε
223 3079 279 3144 καί
297 3079 496 3164 διαπείρωσι
517 3079 559 3147 τὰ
581 3082 705 3168 κάρφη,
734 3075 907 3166 ἀνέκραγον
929 3076 1031 3159 εύθδς
1053 3075 1098 3159 ῶς
1115 3107 1149 3149 τι

120 3183 206 3265 μέγα
228 3179 437 3265 ποιήσαντες,
467 3180 497 3245 εἰ
523 3182 751 3268 διεξελήλυθεν
777 3178 888 3261 αὐτοῖς
912 3179 952 3249 τὸ
973 3185 1069 3264 βέλος
1092 3180 1150 3253 διδ

120 3286 188 3349 τῶν
210 3279 392 3369 φρυγάνων.
429 3278 497 3347 ἀλλ’
514 3278 551 3347 ού
576 3287 700 3369 Πέρσαι
720 3308 757 3368 γε
779 3279 864 3349 ούτω
891 3290 1045 3350 ποιοῦσιν
1072 3279 1149 3349 οάδὲ

120 3388 262 3455 Σκυθῶν
281 3378 357 3467 όσοι
373 3382 516 3463 τοξόται,
537 3378 620 3471 ἀλλὰ
637 3384 840 3469 πρῶτονμὲν
854 3381 948 3451 αὐτοὶ
966 3383 1149 3462 κινούμενοι

122 3482 180 3575 ἀφ’
196 3485 312 3553 ἵππων
330 3479 376 3563 ῶς
392 3484 430 3552 τὸ
449 3481 535 3552 πολὺ
553 3483 751 3566 τοξεύουσιν,
775 3483 891 3552 ἔπειτα
909 3485 945 3551 δέ
962 3482 1077 3561 καὶτὰ
1092 3510 1149 3552 το-

123 3589 280 3674 ξευόμενα
303 3593 470 3655 κινεῖσθαι
493 3583 654 3668 ἀξιοῦσιν,
683 3582 741 3669 ούχ
763 3584 891 3653 ἑστῶτα
914 3582 990 3653 ούδέ
1012 3592 1149 3675 περιμέ-

121 3716 220 3760 νοντα
235 3689 274 3760 τὸ
291 3693 396 3776 βέλος,
416 3686 480 3758 ’ἐστ’
492 3686 532 3756 ἀν
549 3687 690 3776 έμπέοη,
710 3686 794 3754 ἀλλὰ
812 3688 1085 3777 διαδιδράσκοντα
1103 3686 1150 3771 ῶς

123 3791 173 3859 ἔνι
196 3795 355 3877 μάλιστα·
371 3798 488 3887 ,θηρία
512 3796 550 3879 γέ
573 3815 626 3859 τοι
649 3787 694 3871 ῶς
715 3788 754 3859 τὸ
775 3787 861 3858 πολὺ
883 3790 1147 3874 κατατοξεύουσι,
1243 3850 1247 3859 .

123 3893 179 3960 καὶ
199 3889 341 3979 ὀρνίθων
358 3893 439 3962 ἐ’νιοι
456 3894 677 3980 τυγχάνουσιν.
712 3889 751 3981 ἢν
770 3893 807 3961 δέ
823 3917 906 3960 ποτε
923 3895 978 3959 καὶ
997 3891 1054 3960 ἰπὶ
1072 3917 1150 3961 σκο-

123 3999 193 4065 ποῦ
212 3996 267 4084 δίη
285 4003 488 4087 πειραθῆναι
505 4003 566 4064 τοῦ
582 3996 678 4064 τόνου
700 4002 758 4084 τῆς
775 3998 913 4086 πληγής,
942 3995 1037 4079 ξύλον
1059 3991 1149 4065 ἀντί-
