2752 4632
489 232 556 288 κα
578 233 722 291 κενου
743 204 863 292 ιε’-ευ.
1116 222 1179 291 183

135 334 234 427 1καλή
249 334 363 425 ἀπάτη·
376 337 631 421 διατεθείκασιν,
652 335 698 418 ὥς
709 336 787 427 μηδ’
799 336 840 408 ἀν
853 339 1009 430 τρυπάνῳ
1024 339 1073 411 δτι
1086 341 1177 410 διαν-

146 446 303 528 οεχθήναι
330 436 443 520 αὐτοῖς
468 437 511 508 τὰ
537 431 622 511 οῦτα·
656 441 806 530 τοσούτῳ
828 447 917 530 κηρῷ
939 441 1059 528 ἐ’βυσαν
1081 442 1176 527 αάτά,

146 543 219 615 οίύν
236 568 301 632 περ
319 539 338 611 ὃ
354 538 523 623 Ὀδοσσεῦς
539 542 618 624 τοῦς
635 542 786 633 ἕταωοος
803 543 921 633 ίδρασε
944 546 1012 613 δέει
1027 553 1086 635 τῆς
1102 558 1178 617 Σει-

144 648 252 739 ρήνων
274 642 474 732 ἀκροάσεως.
507 645 620 714 πόθεν
642 636 700 714 οῦν
722 642 762 714 ἀν
783 646 901 717 ἐκεῖνοι
922 644 1062 717 ἀκοῦσαι
1083 650 1179 738 δυνη-

134 757 254 830 θεῖεν,
272 745 312 838 ἢν
329 750 386 817 καί
398 746 438 818 οδ
452 746 615 839 κεκραγὼς
628 749 822 839 διαρραγήςς
840 745 1001 840 ῦπεργὰρ
1012 747 1091 837 παρ’
1102 749 1179 837 ύμῖν

122 850 277 943 ,ήΛήθη
292 851 441 933 δύναται,
460 858 557 920 τοῦτο
570 850 717 920 ἐνταῦθα
728 847 749 941 ή
761 849 877 940 ἀγνοια
891 851 1071 941 ἐργάζεται.
1092 853 1179 943 πλήν

144 951 215 1024 ἀλλ’
231 954 314 1022 εἰσὶν
337 950 444 1025 αύτιῦν
465 950 573 1041 ὀλίγοι
594 950 633 1022 ού
650 955 932 1043 παραδεδεγμένοι
951 952 1009 1024 τὸν
1029 954 1179 1046 κήρὸνές

142 1054 187 1124 τά
206 1048 277 1124 ὦτα
293 1055 379 1145 πρὸς
395 1054 452 1145 τήν
470 1053 631 1145 ἀλήθειαν
648 1054 892 1140 ἀποκλίνοντες,
912 1054 971 1140 ἀξῦ
989 1059 1179 1150 δεδορκότες

143 1157 240 1242 δςτὰ
257 1160 437 1250 πράγματα
454 1161 510 1228 καί
527 1160 762 1247 κατεγνωκότες
781 1158 837 1228 οἶά
856 1159 955 1230 ἐστιν.

196 1278 282 1334 ΧΑΡ.
320 1260 441 1331 Οὐκοῦν
458 1262 593 1342 έκείνοις
609 1268 687 1349 γοῦν
706 1262 934 1353 ἐμβοήσωμεν,

195 1380 284 1437 ΕΡΜ.
318 1362 477 1452 Περιττδν
485 1366 541 1431 καί
553 1371 663 1447 τοῦτο,
677 1366 782 1453 λέγειν
789 1364 876 1453 πρὸς
889 1363 1009 1446 αὐτούς
1022 1365 1177 1436 ἃίσασιν.

143 1462 227 1557 δρᾷς
245 1463 340 1548 ὅπως
357 1464 562 1548 ἀποστάντες
582 1474 649 1536 τῶν
665 1470 798 1538 πολλῶν
815 1471 1020 1557 καταγελῶσι
1039 1475 1107 1538 τῶν
1127 1496 1179 1557 γι-

140 1575 308 1658 γνομένων
328 1573 383 1638 καὶ
401 1567 529 1658 οῦδαμή
553 1567 706 1655 οὐδαμῶς
723 1567 916 1657 ἀρέσκονται
938 1568 1064 1653 αῦτοῖς,
1093 1568 1178 1639 ἀλλὰ

135 1675 242 1762 ’δῆλοί
258 1673 324 1742 τίσι
341 1670 489 1763 δρασμὸν
508 1668 571 1761 ἤδη
588 1672 800 1757 βουλεύοντες
821 1671 900 1762 παρ’
918 1670 1004 1759 ῦμᾶς
1026 1671 1096 1743 ἀπὸ
1117 1682 1178 1743 τοῦ

140 1782 239 1864 βίους
273 1779 329 1844 καί
360 1773 425 1867 γάρ
458 1778 515 1843 καί
548 1780 724 1860 μισοῦνται
759 1772 941 1862 ἐλέγχοντες
975 1772 1083 1844 αὐτῶν
1116 1774 1178 1858 τὰς

140 1876 307 1964 ἀμαθίας.
460 1952 465 1959 ,
954 1930 956 1941 .

195 1997 282 2053 ΧΑΡ.
315 1971 433 2067 Εὖγε,
454 1970 482 2047 ὦ
498 1979 667 2069 γεννάδαι·
693 1977 779 2068 πλὴν
796 1980 884 2048 πάνυ
903 1977 1011 2067 ὀλίγον
1028 1980 1124 2062 εἰσὶν,
1149 1972 1177 2049 ἀ

136 2079 250 2173 Ἔρμή.

195 2202 282 2261 Em
312 2182 429 2255 ‘smol
445 2187 501 2253 καί
519 2176 622 2257 οῦτοι.
659 2181 743 2253 ἀλλὰ
760 2191 922 2271 κατίωμεν
938 2181 1012 2274 ήδη.

134 2333 138 2340 ·
195 2281 293 2361 xm
307 2286 590 2370 Ἕνῦτιδπύθσυν,
611 2279 760 2376 ὦἙρμῆ,
780 2287 916 2370 εἰδέναι,
935 2293 991 2355 καί
998 2314 1058 2374 μοι
1068 2289 1176 2371 δείξας
1194 2311 1227 2360 22

141 2390 226 2461 αάτὸ
245 2391 354 2480 ἐντελῆ
373 2389 430 2480 ἔσῃ
448 2390 506 2478 τήν
520 2390 721 2479 ’περιήγησιν
742 2396 980 2478 πεποιημένος,
1007 2389 1068 2470 τὰς
1089 2388 1177 2460 ἀπο-

141 2496 253 2585 θήκας
269 2501 336 2563 τῶν
354 2493 531 2578 σωμάτων,
550 2493 606 2561 ἵνα
622 2492 874 2578 κατορύττουσι,
892 2493 1102 2562 θεάσασθαι.

195 2611 282 2667 EPM.
314 2593 420 2684 Ἡρία,
449 2586 476 2662 ιῦ
494 2596 628 2680 Χάρων,
654 2597 711 2662 καὶ
731 2593 877 2678 τύμβους
897 2597 953 2661 καί
974 2596 1102 2684 τάφους
1119 2621 1177 2662 κα-

141 2702 241 2769 λοῦσι
260 2695 304 2767 τὰ
329 2703 478 2769 τοιαῦτα.
513 2695 599 2786 πλὴν
619 2694 662 2765 τὰ
683 2693 750 2784 πρὸ
772 2702 838 2763 τῶν
859 2697 991 2765 πόλεων
1013 2696 1119 2764 έκεῖνα
1135 2694 1178 2763 τὰ

139 2801 282 2886 χώματα
295 2797 377 2890 δρᾷς
388 2802 444 2867 καὶ
455 2797 516 2881 τὰς
531 2800 651 2889 στήλας
663 2801 719 2866 καί
727 2799 935 2886 πυραμίδας,·
952 2798 1059 2871 ἐκεῖνα
1067 2798 1178 2869 πάντα

138 2904 351 2990 νεκροδοχεῖα
367 2906 424 2971 καί
441 2902 724 2994 σωματοφυλάκιά
742 2902 818 2971 είσι.

196 3022 281 3079 XAP.
329 3012 367 3074 Τί
397 2997 454 3075 οῦν
485 3006 603 3075 ἐκεῖνον
634 3012 836 3093 στεφανοῦσι
865 3000 943 3086 τοὺς
973 3007 1092 3086 λίθους
1120 3007 1177 3075 καί

141 3113 275 3198 γρίουσι
290 3108 402 3197 μύρρ,·
424 3108 458 3176 οἱ
475 3110 584 3177 δὲκαὶ
601 3106 709 3197 πυράν
726 3109 881 3196 νήσαντες
897 3106 964 3195 πρὸ
982 3115 1048 3177 τῶν
1062 3108 1178 3194 χωμά-

139 3238 210 3282 των
226 3213 283 3279 καί
302 3212 432 3299 βόθρον
452 3210 526 3278 τινὰ
549 3208 722 3299 ὀρύξαντες
743 3211 864 3281 κάουσί
883 3236 919 3278 τε
939 3213 1036 3281 ταυτί
1052 3210 1095 3278 τὰ
1111 3234 1178 3279 πο-

144 3315 262 3401 λυτελῆ
281 3313 400 3382 δεῖπνα
416 3316 472 3380 καί
490 3311 523 3393 ἐς
540 3312 583 3380 τὰ
601 3309 770 3401 ὀρύγματα
793 3309 880 3381 οἶνον
900 3316 957 3380 καί
972 3314 1174 3400 μελίκρατον,

139 3412 191 3496 ὡς
208 3422 286 3504 γοῦν
304 3414 448 3496 εἰκάσαι,
469 3413 649 3499 έκχέουσινς

196 3533 283 3591 ΕΡΜ.
320 3516 384 3587 Οῦκ
402 3514 491 3601 οἶδα,
519 3509 547 3584 ὦ
569 3523 740 3606 πορθμεῦ,
766 3522 802 3585 τί
817 3522 920 3585 ταῦτα
941 3514 1027 3604 πρὸς
1047 3514 1177 3597 τοῦςέν

143 3615 261 3720 ᾍδου·
291 3619 535 3691 πεπιστεύκασι
563 3626 640 3708 γοῦν
669 3619 730 3700 τὰς
758 3617 869 3708 ψυχὰς
899 3615 1177 3704 ἀναπεμπομένας

141 3722 298 3793 κάτωθεν
325 3724 469 3791 δειπνεῖν
498 3723 556 3807 μὲν
586 3719 633 3803 ιῦς
664 3721 735 3792 οἶόν
763 3747 802 3791 τε
829 3727 1091 3812 περιπετομένας
1118 3719 1177 3811 τήν

129 3834 257 3892 ικνῖσαν
282 3828 339 3894 καὶ
364 3824 421 3895 τὸν
447 3825 585 3909 καπνὸν,
612 3831 720 3894 πίνειν
748 3826 784 3894 δέ
809 3821 879 3893 ἀπὸ
902 3831 961 3897 τοῦ
981 3824 1112 3912 βόθρου
1134 3823 1174 3899 τῦ

140 3930 350 4015 μελίκρατον.

196 4045 282 4101 ΧΑΡ.
315 4026 472 4114 Ἑκείνους
498 4030 547 4101 ῦτι
572 4036 679 4102 πίνειν
705 4026 727 4121 ἢ
754 4029 895 4114 ἐσθίειν,
923 4018 968 4099 ιῦν
992 4027 1035 4100 τὰ
1060 4033 1175 4120 κρανία
