2752 4632
231 231 298 305 '218
619 244 876 304 Λοναιεσον

213 377 216 381 ’
251 415 256 427 .
285 370 360 426 ΦΙΛ.
394 353 580 423 Παύσασθε
594 351 816 432 ἐπαινοῦντες·
834 350 978 439 ἐγχειτῷ
992 348 1258 440 ὁμολογουμένην,

233 454 282 524 οδ
293 457 342 538 δὲ,
361 446 390 523 ὦ
407 456 635 545 Παρρησιάδη,
647 458 726 542 »λέγε
742 450 803 544 ἤδη
821 453 855 521 ἓν
871 459 919 542 τῷ
935 457 1042 544 μέρεα
1069 455 1124 520 σολ
1139 450 1201 541 γὰρ
1218 450 1258 529 τὸ

233 564 290 627 νῦν
233 560 367 647 mm
402 555 508 646 μὴμί
493 559 563 625 ελλε
582 550 647 625 οὗν

183 681 217 731 ευ
284 676 389 733 ΠΑΡΡ.
426 657 468 729 Ού
488 660 598 728 πάντα
614 683 692 746 μου,
713 651 917 748 ὦΦιλοαοφί
915 683 938 724 α
941 656 1260 745 ,κατηγόρησεΔια

232 767 339 851 γένης,
366 759 508 830 άλλδι
472 786 515 830 τα
536 766 641 831 πλείειν
663 764 720 829 καλ
741 756 805 830 ὅσα
825 752 864 850 ἦν
879 760 1094 861 χαλεπώτεροι
1116 756 1174 826 ούκ
1191 754 1256 825 οἶδ’

227 860 255 932 ’ὁ
274 891 308 932 τι
328 863 453 932 παθῶν
474 868 667 953 παρέλιπεν.
688 863 766 990 ἐγὼ
794 864 830 930 δδ
855 862 1014 930 τοσούτου
1037 860 1107 928 δέω
1128 859 1260 947 ε’ξαρνος

230 972 389 1053 γενέσθαι
408 962 453 1046 ιὸς
472 961 529 1034 ούκ
547 963 698 1034 ελπον’
659 965 757 1047 αυτὰ,
783 992 804 1054 η
788 961 970 1050 άπολογί
970 989 1009 1030 αν
1030 960 1103 1031 τινὰ
1120 964 1261 1087 μεμελρ

232 1067 339 1157 τηκὼς
356 1063 566 1156 ἆφῖχθαι,“’
537 1093 622 1137 ωστε
639 1071 695 1134 καὶ
712 1069 746 1135 εἴ
760 1090 833 1134 τινα
850 1095 870 1155 η
855 1056 1041 1146 Ἁταύτδς
1002 1089 1098 1145 ουτος
1109 1061 1261 1132 άπεσιώ*

230 1190 339 1258 πηοεν
359 1165 382 1257 ἢ
404 1168 467 1256 ἐγὼ
489 1168 533 1258 μὴ
556 1170 718 1259 πρότερον
740 1169 882 1259 ἔφθασα
899 1167 1047 1259 εἰρηκὼς,
1073 1174 1128 1235 νύν
1153 1189 1261 1254 προσ-

233 1272 352 1359 θήσειν
373 1295 432 1356 μοι
455 1272 557 1337 δοκῶ·
584 1268 671 1339 υύτω
696 1269 758 1361 γάρ
786 1268 825 1339 δν
849 1271 977 1357 μάθοις
1003 1265 1154 1348 οόστινας
1176 1266 1261 1335 ἀπα·

163 1458 165 1465 Α
200 1426 206 1431 .
232 1373 390 1462 κήρυττον
406 1375 462 1439 καὶ
478 1379 586 1452 κακῶς
602 1371 757 1462 ἠγόρευον
780 1370 939 1455 άλαζόνας
959 1374 1016 1438 καὶ
1035 1371 1156 1460 γόητας
1173 1367 1261 1438 άπο-
1370 1378 1371 1405 ¹

231 1476 353 1543 καλῶν
384 1480 441 1541 καί
459 1497 518 1558 μοι
538 1475 657 1644 μόνσνέ
658 1482 771 1542 τοῦτο
778 1476 1065 1564 παραφυλάττετε,
1092 1472 1123 1540 ελ
1150 1468 1261 1560 ἀληθῆ

233 1579 313 1665 περὶ
330 1575 439 1644 αύτιῦν
457 1575 531 1662 ἒριυ
568 1575 640 1644 ελδ
642 1582 706 1644 ἑτι
726 1572 967 1666 βλάσφημον”
944 1603 964 1663 η
983 1572 1084 1663 ’τραχὺ
1106 1579 1276 1663 φαίνοιτο·

233 1681 315 1762 έχων
333 1676 351 1746 ὁ
369 1679 479 1765 λόγος,
507 1676 546 1746 οὗ
567 1677 624 1747 τὸν
643 1679 907 1766 διελίγχονταμ
868 1677 883 1745 ἐ
909 1679 938 1760 λ,
967 1673 1036 1744 ἀλλ’
1052 1673 1231 1754 έκείνους
1209 1702 1258 1756 αν,

233 1777 342 1866 οἶμαι,
363 1780 566 1870 δικαιότερον
583 1781 800 1849 αἰτιάσαισθε
817 1787 955 1848 τοιαῦτα
972 1785 1160 1857 ποιοῦντας.
1196 1776 1259 1865 ἐγὼ

232 1879 294 1972 γάρ
314 1880 428 1970 δπειδη
446 1884 584 1964 τάχιστα
603 1883 749 1950 συνεῖδον
768 1879 880 1949 ὁπόσα
896 1893 967 1960 τοῖς
989 1880 1201 1970 ῥητορεύουσι
1217 1879 1261 1946 τδι

112 1998 119 2011 “
234 1986 372 2074 δυσχερῆ
398 1981 573 2071 άναγκαῖον
600 1996 787 2071 προσεῖναι,
818 1980 948 2071 άπάτην
973 1984 1029 2048 καὶ
1054 1982 1180 2067 ψεῦδος
1204 1984 1262 2049 καλ

231 2088 427 2176 θρασύτητα
444 2089 499 2152 καλ
515 2084 595 2173 βοὴν
607 2088 662 2152 καλ
676 2082 850 2169 ὠθισμοὺς
862 2087 917 2151 καλ
929 2090 1031 2171 μυρία
1043 2079 1136 2163 ἄλλα,
1154 2090 1262 2151 ταῦτα

232 2189 305 2274 μὲν,
326 2184 439 2274 ὥσπερ
459 2186 544 2266 εἰκὸς
561 2179 613 2275 ἦν,
637 2184 821 2275 άπέφυγον,
845 2186 903 2254 ἐπὶ
920 2187 956 2253 δλ
972 2183 1015 2254 τδι
1033 2183 1090 2266 σδι,
1115 2176 1142 2250 ὦ
1163 2189 1261 2252 ‹mo-

233 2297 352 2378 σοφία,
380 2288 463 2356 καλά
481 2286 628 2376 ὁρμήσας
644 2287 755 2376 ἠξίουν
778 2285 905 2355 ὁπόσον
922 2288 972 2355 λ’τι
988 2311 1048 2373 μοι
1066 2285 1183 2355 λοιπὸν
1199 2292 1260 2355 τού
1370 2298 1371 2313 ’

232 2397 307 2477 βίου
326 2391 482 2478 καθάπερ
501 2390 536 2456 ἐκ
554 2391 651 2478 ζάλης
672 2393 728 2458 καὶ
744 2391 907 2470 κλύδωνος
924 2390 972 2470 εἰς
993 2386 1104 2458 εύδιόν
1118 2415 1193 2457 τινα
1209 2391 1261 2456 λι·
1370 2390 1371 2453 f

181 2514 215 2566 80
232 2498 314 2579 μένα
327 2493 480 2571 σπεύσας
496 2489 563 2560 ὑπὸ
581 2497 637 2560 σολ
655 2492 855 2577 σκεπόμενος
871 2499 1083 2578 καταβιῶναι.
1118 2487 1259 2580 κάπειδδγ
1370 2530 1371 2549 2

232 2595 333 2681 μόνον
346 2599 525 2685 παρέκυψα
539 2592 626 2673 ἒςτδι
639 2591 792 2682 ὁμέτερα,
812 2595 850 2662 σὲ
866 2594 938 2678 μλν,
958 2588 1072 2683 ὥσπερ
1085 2589 1261 2680 άναγκαῖον
1370 2596 1371 2641 ἶ

230 2690 285 2788 ᾖν,
312 2700 368 2764 καὶ
388 2698 510 2765 τούσδε
531 2692 679 2775 ἅπαντας
701 2696 889 2780 ἐθαύμαζον
911 2691 1047 2781 ἀρίστου
1068 2699 1144 2780 βίον
1161 2720 1262 2780 νομο-
1370 2674 1371 2757 ί

231 2805 337 2878 θύτας
354 2795 451 2878 όντας
472 2802 528 2866 καί
549 2813 620 2878 τοῖς
643 2796 693 2866 ἐπ’
710 2795 808 2865 αὐτὸν
827 2797 1051 2884 ἐπειγομένοις
1071 2810 1165 2885 χεῖρα
1187 2793 1261 2886 ὁρέ-
1370 2820 1371 2883 j

231 2922 361 2988 γοντας,
384 2899 425 2966 τὰ
442 2901 600 2968 κάλλιστα
616 2903 672 2966 καὶ
689 2901 936 2988 συμφορώτατα
952 2905 1209 2984 παραινοῦντας,
1230 2898 1263 2965 a&
1370 2912 1371 2933 ¹

229 3024 283 3081 τις
304 3001 349 3089 μὴ
371 3008 573 3090 παραβαίνοι
596 3000 680 3069 αύτδι
700 3002 784 3088 μηδὲ
805 3000 1029 3082 διολισθάνοι,
1060 2998 1129 3068 ἀλλ’
1150 2998 1260 3080 άτενλς
1364 3000 1367 3013 ’

233 3100 433 3188 ἀποβλέπων
452 3103 485 3184 ἐς
501 3103 577 3183 τοὺς
590 3103 727 3182 κανόνας
740 3103 798 3183 οὓς
810 3108 1062 3191 προτεθείκατε,
1081 3101 1168 3191 πρὸς
1182 3101 1259 3168 τού-

231 3231 309 3285 τους
327 3206 484 3295 ῥυθμίζοι
500 3209 556 3272 καὶ
574 3204 760 3273 ἀπευθύνοι
779 3203 836 3272 τὸν
855 3203 973 3272 ἑαυτοῦ
994 3209 1080 3290 βίον,
1114 3200 1198 3290 ὅπερ
1219 3200 1257 3290 νὴ

181 3329 213 3379 81
233 3313 298 3376 Δία
315 3311 371 3375 καὶ
387 3315 453 3374 τῶν
469 3305 546 3374 καθ’
562 3304 647 3393 ὁμάς
665 3304 783 3386 αύτούς
802 3302 908 3393 ὀλίγοι
924 3313 1090 3375 ποιοῦσιν.
1118 3303 1204 3394 ὁρῶν
1220 3303 1258 3373 δδ

231 3409 376 3490 πολλοὺς
403 3408 460 3477 οόκ
486 3409 584 3495 λ’ρωτι
610 3413 814 3498 φιλοσοφίας
839 3408 1023 3495 ἐχομένους,
1050 3405 1135 3475 ἄλλά
1159 3407 1260 3494 δόξης

230 3506 331 3597 μόνον
352 3519 410 3601 τῆς
432 3508 501 3579 άπὸ
523 3517 582 3578 τού
600 3513 806 3599 πράγματος,
832 3509 876 3578 τδι
896 3511 955 3595 μέν
971 3510 1133 3600 πρόχειρα
1152 3516 1259 3577 ταῦτα

230 3616 287 3680 καὶ
305 3615 450 3701 δημόσια
465 3615 521 3681 καὶ
539 3610 650 3681 ὁπόσα
667 3615 768 3680 παντὶ
784 3618 966 3696 μιμεῖσθαι
982 3612 1097 3702 ῥηίδιον
1114 3602 1150 3679 εὸ
1167 3611 1259 3695 μάλα
1370 3624 1371 3663 ³

231 3714 379 3795 ἐοικότας
402 3712 545 3802 άγαθσῖς
566 3712 717 3803 άνδράσι,
750 3711 788 3782 τὸ
810 3720 930 3801 γύνειον
951 3717 1033 3801 λέγω
1054 3715 1111 3795 καὶ
1135 3710 1173 3778 τὸ
1195 3710 1261 3795 βάν·

232 3819 336 3901 δισμα
355 3819 412 3884 καλ
432 3814 490 3905 τὴν
508 3814 682 3904 ἀναβολὴν,
710 3816 771 3884 έπλ
790 3818 826 3884 δὲ
842 3820 902 3883 τού
917 3823 992 3902 βίον
1010 3817 1065 3883 καὶ
1086 3820 1153 3882 τῶν
1170 3838 1260 3901 πρα-
1370 3848 1371 3895 3

124 3930 127 3937 ’
229 3920 361 4004 γμάτιον
379 3915 698 4008 άιπιφθεγγομίνους
714 3924 761 4005 τῷ
780 3919 920 4007 σχήματι
936 3921 993 3984 καὶ
1008 3915 1165 3986 τάναντία
1180 3911 1260 4000 ύμῖν

231 4017 483 4108 ἐπιτηδεύοντας
509 4023 564 4087 καὶ
591 4022 848 4110 διαφθείροντας
873 4017 910 4088 τὸ
939 4017 1069 4104 ἀξίωμα
1089 4024 1148 4106 τῆς
1170 4013 1260 4086 ὁπο-
