2722 4646
220 218 262 288 36
604 233 861 290 ΔΟΥΚΙΑΝΟΥ
894 294 897 299 ,

222 330 287 430 ἀροι
305 332 322 406 5
341 343 491 417 τοιοῦτος
510 334 586 425 ἐρᾶν
604 337 728 420 δόξειεν
747 332 801 421 ἀν,·
825 335 863 406 ού·
882 336 921 407 σύ
938 329 1038 426 γε,,ὦ
1053 343 1133 421 Ζεῦ,
1151 344 1254 409 τοῦτο

170 464 203 513 17
221 446 324 532 φαίης
342 436 382 508 ἀν
400 439 557 529 ἐρασθεὶς
574 440 744 521 πολλάκις.
781 439 811 508 εί
830 442 867 508 δέ
883 466 934 521 τις
956 439 1098 524 έμπαλιν
1117 440 1256 511 ἐλευθέ-

221 569 282 633 ραν
302 555 439 630 γυναῖκα
463 541 497 623 ἐς
521 540 580 631 τήν
603 542 709 611 οἰκίαν
731 542 822 632 νόμῳ
846 541 1050 630 παραλαβὼν
1073 538 1125 611 ἐπ’
1141 540 1253 634 ἀρότῳ

221 647 352 715 παίδων
368 651 522 735 γνησίων,
547 643 565 713 5
584 647 621 714 δὲ
636 645 719 735 μήτε
738 643 837 726 αύτδς
858 646 1090 734 προσάπτοιτο
1109 642 1257 731 ἀκμαίας

221 751 277 816 καὶ
293 750 394 836 καλῆς
415 753 587 836 παρθένου
608 747 691 837 μήτε
710 746 799 839 ἀλλην
822 752 1046 838 προσβλέπειν
1064 748 1253 839 ἐπιτρέποι,

222 848 339 940 ἀγονον
353 852 389 919 δὲ
404 853 459 918 καί
473 863 604 940 στεῖραν
617 853 831 932 κατακλείσας
846 852 1060 942 παρθενεύοι,
1079 854 1257 921 καὶταῦτα

222 951 299 1044 ἐρᾶν
317 954 455 1044 φάσκων
471 956 526 1022 καὶ
546 955 642 1040 δῆλος
661 950 707 1020 ιύν
729 951 799 1022 ἀπὸ
821 961 880 1042 τῆς
895 955 998 1042 χρόας
1018 956 1074 1023 καί
1095 961 1154 1044 τῆς
1172 979 1258 1042 σαρ-

220 1053 278 1137 κός
297 1055 499 1144 ἐκτετηκυίας
516 1059 572 1123 καί
589 1062 655 1124 τιῦν
674 1053 863 1146 ὀφθαλμῶν
881 1054 1148 1141 ὑποδεδυκότων,
1177 1054 1253 1126 ἐσθ’

222 1154 317 1239 ὅπως
335 1156 352 1226 5
371 1165 522 1239 τοιοότος
541 1156 579 1226 ού
598 1165 804 1249 παραπαίειν
823 1160 947 1240 δόξειεν
966 1156 1018 1241 ἀν,
1039 1161 1113 1229 δέον
1130 1160 1257 1228 παιδο-

220 1266 401 1330 ποιεῖσθαι
417 1264 474 1328 καὶ
497 1257 678 1329 ἀπολαύειν
699 1268 759 1329 τοῦ
780 1261 901 1348 γάμου,
929 1266 1182 1352 καταμαραίνων
1199 1258 1258 1329 εύ·

220 1364 405 1452 πρόσωπον
423 1360 511 1459 05ch
528 1367 583 1431 καί
601 1363 783 1451 ἐπέραστον
795 1365 893 1453 κόρην
907 1366 1064 1453 καθάπερ
1080 1365 1200 1453 ἱέρειαν
1213 1368 1256 1453 τῇ

222 1466 425 1555 θεσμοφόρῳ
444 1471 574 1554 τρέφων
594 1465 650 1534 διὰ
668 1465 792 1548 παντὸς
808 1474 867 1535 τοῦ
884 1474 978 1553 βίους
999 1473 1104 1539 ταῦτα
1121 1468 1177 1533 καί
1194 1463 1258 1533 αύ-

219 1566 278 1648 τὸς
299 1566 470 1655 ἀγανακτῶ
491 1567 578 1655 πρὸς
600 1567 694 1637 ἐνίων
714 1571 774 1654 μέν
797 1567 923 1654 ἀτίμως
947 1571 1177 1654 λακτιζόμενος
1197 1570 1257 1636 καί

144 1688 146 1693 “
221 1672 466 1759 λαφυττόμενος
479 1674 536 1738 καί
551 1671 811 1758 ἐξαντλούμενος,
830 1670 886 1741 ὑπ’
899 1671 992 1741 ἐνίων
1003 1673 1038 1740 δὲ
1053 1667 1167 1761 ὥσπερ
1183 1696 1258 1739 στι-

220 1777 361 1860 γματίας
380 1775 545 1863 δραπέτης
562 1776 801 1863 πεπεδημένος.

171 1895 203 1946 18
253 1884 374 1939 ΥΖΕΥΣ.
405 1882 443 1943 Τί
452 1868 508 1945 οὖν
518 1873 784 1964 ἀγανακτεῖςκαύ
793 1874 916 1961 αύτιῦν,·
935 1872 1139 1965 διδόασιγδιρ
1150 1870 1256 1965 ἀμφω

219 1977 319 2068 καλήν
332 1977 389 2067 τήν
404 1979 494 2066 δίκην
509 1979 541 2046 οί
553 1981 613 2065 μὲν
627 1975 740 2068 ὥσπερ
755 1976 774 2047 5
787 1980 950 2060 Τάνταλος
958 1975 1084 2049 ἀποτοι
1093 1981 1148 2045 καὶ
1158 1973 1258 2064 ἀγευ-

189 2142 191 2147 ,
222 2105 296 2150 στοι
313 2084 368 2148 καὶ
386 2083 480 2169 ξηροί
496 2079 535 2149 τὸ
555 2083 672 2166 στόμα,
693 2081 918 2169 ἐπικεχηνότες
934 2084 1035 2167 μόνον
1052 2087 1100 2170 τῷ
1116 2084 1255 2169 χρυσίῳ,

222 2183 255 2251 02
277 2184 314 2250 δέ
335 2184 492 2273 καθάπερ
516 2180 533 2252 5
556 2182 670 2265 Φινεὺς
692 2182 761 2252 άπὸ
784 2191 842 2275 τῆς
864 2186 1032 2274 φάρυγγος
1049 2182 1107 2271 τήν
1128 2178 1257 2271 τροφήν

220 2282 288 2353 ἀπὸ
306 2292 372 2352 τιῦν
382 2282 543 2373 Ἅρπυιιόν
562 2283 812 2376 ἀφαιρούμενοι.
841 2285 909 2355 ἀλλ’
922 2284 1028 2354 άπιθι
1042 2282 1104 2374 ήδη
1120 2308 1258 2373 σωφρο-

220 2392 360 2474 νεστέρφ
379 2386 473 2475 παρά
490 2386 577 2457 πολὺ
595 2395 642 2476 τῴ
664 2395 786 2473 Τίμωνι
804 2389 1038 2475 ἐντευξόμενος.

272 2497 409 2554 ΠΛΟΥΤ.
440 2487 579 2571 Ἐκεῐνος
591 2492 653 2578 γάρ
668 2518 752 2563 ποτε
765 2493 931 2561 παύσεται
941 2488 1055 2577 ὥσπερ
1069 2489 1104 2557 ἐκ
1116 2493 1256 2579 κοφίνου

151 2626 171 2652 ι
220 2598 479 2680 τετρυπημένου,
507 2597 585 2683 πρὶν
613 2589 699 2674 ὅλως
721 2596 890 2685 εἰσρυῆναί
909 2619 964 2679 με,
994 2592 1078 2659 κατὰ
1106 2588 1258 2679 σπουδήν

136 2746 140 2751 -
222 2694 391 2776 ἐξαντλῶν,
412 2696 550 2783 φθάσαι
566 2698 766 2782 βουλόμενος
783 2695 841 2786 τὴν
859 2694 1028 2785 ἐπιρροήν,
1047 2692 1093 2783 μή
1111 2691 1258 2781 ὑπέραν·
1357 2686 1358 2725 ί

221 2800 298 2877 τλος
316 2796 467 2865 ἐσπεσὼν
485 2798 651 2867 ἐπικλύσω
671 2798 787 2883 αύτόν,·
810 2796 896 2867 ιύστε
914 2798 948 2878 ἐς
968 2796 1025 2867 τόν
1047 2804 1113 2865 τῶν
1132 2799 1257 2864 Δαναΐ-

198 2952 202 2963 ,
223 2899 288 2967 δων
297 2904 404 2967 πίθον
418 2896 660 2990 ὑδροφορήσειν
672 2928 732 2986 μοι
745 2903 831 2969 δοκιῦ
844 2905 900 2969 καὶ
912 2902 1019 2988 μάτην
1029 2898 1253 2987 ἐπαντλήσειν,

221 3007 282 3069 τοῦ
303 3001 421 3082 κύτους
442 3000 486 3092 μή
510 3009 693 3090 στέγοντος,
722 3002 805 3072 ἀλλὰ
827 3007 906 3091 πρὶν
929 3004 1109 3091 εἰσρυῆναι,
1139 2996 1256 3083 σχεδὸν

189 3170 192 3175 ,
223 3101 485 3191 ἐκχυθησομένου
498 3113 555 3174 τοῦ
571 3105 794 3196 ἐπιρρέοντος·
814 3103 920 3186 οὕτως
929 3102 1100 3194 εὐρύτερον
1113 3102 1152 3172 τδ
1169 3099 1257 3190 πρὸς

220 3204 278 3294 τὴν
297 3206 423 3290 ἐκχυσιν
440 3206 572 3296 κεχηνὸς
588 3216 646 3276 τοῦ
664 3215 773 3277 πίθου
791 3212 846 3276 καὶ
865 3206 1032 3287 ἀκώλυτος
1048 3204 1067 3295 ἡ
1088 3206 1210 3288 έξοδος.

172 3327 203 3376 19
273 3316 376 3372 ΖΕΥΣ.
413 3308 533 3379 Οὐκοῦν
552 3311 581 3379 εί
595 3309 642 3400 μή
662 3310 865 3401 ἐμφράξεται
881 3307 920 3377 τδ
938 3307 1070 3397 κεχηνὸς
1087 3308 1257 3376 τοῦτοκαὶ

223 3407 257 3490 ἐς
273 3408 311 3479 τὸ
331 3409 424 3495 ἀπαξ
436 3412 718 3499 ἀναπεπταμένον,
739 3413 931 3497 ἐκχυθέντος
945 3411 978 3480 ἐν
991 3419 1108 3500 βραχεῖ
1120 3434 1180 3477 σου
1194 3410 1257 3498 ῥηι-

224 3513 303 3594 δίιος
321 3512 452 3605 εόρήσει
469 3514 527 3604 τὴν
545 3517 711 3604 διφθέραν
729 3507 831 3596 αὖθις
848 3519 903 3583 καί
921 3513 979 3605 τὴν
998 3516 1145 3582 δίκελλαν
1163 3510 1197 3579 ἐν
1213 3516 1255 3601 τῇ

221 3620 315 3704 τρυγὶ
332 3625 391 3686 τοῦ
409 3623 529 3687 πίθου.
566 3615 634 3686 ἀλλ’
650 3616 751 3688 άπιτε
769 3614 831 3708 ήδη
853 3621 909 3686 καί
927 3617 1118 3699 πλουτίζετε
1136 3610 1254 3683 αύτόν·

223 3715 262 3785 σὺ
282 3720 318 3787 δέ
334 3726 495 3809 μέμνησο,
520 3711 673 3810 ὦἙρμή,
699 3719 843 3790 ἐπανιὼν
857 3718 947 3810 πρὸς
964 3717 1050 3807 ἡμᾶς
1068 3714 1158 3807 άγειν
1175 3715 1257 3797 τοὺς

222 3820 407 3905 Κύκλωπας
425 3823 460 3892 ἐκ
472 3831 529 3914 τῆς
541 3826 671 3913 Αἴτνης,
693 3819 787 3905 ὅπως
799 3822 857 3894 τὸν
869 3821 1024 3910 κεραυνὸν
1038 3818 1257 3908 ἀκονήσαντες

223 3921 500 3995 ἐπισκευάσωσιν·
519 3925 564 4009 ὥς
581 3924 643 4017 ήδη
661 3952 698 4015 γε
714 3932 916 4016 τεθηγμένου
931 3922 1033 3992 αὐτοῦ
1050 3924 1256 4012 δεησόμεθα.

171 4045 206 4098 20
274 4035 360 4091 EPM.
388 4033 586 4145 ςΠροΐωμεν,
615 4020 802 4100 ιόΗλοῦτε.
837 4034 872 4098 τί
897 4034 1011 4114 ταύτας
1039 4024 1258 4125 όποσκάζειςς
