2724 4634
370 277 452 336 vm.
475 272 863 367 οσουιιιιοεοισ.
1028 340 1031 345 ,
1095 266 1138 335 67

154 391 262 451 ΖΕΥΣ.
298 377 391 452 Τοῦτ’
406 378 488 451 ούτό
504 407 565 469 μοι
581 377 715 471 ήδισιον
731 384 899 473 ποιήσεις,
927 382 958 452 εἰ
975 379 1140 477 ἀγρυπνή-

99 510 201 573 σαιμι
218 482 305 573 μετὰ
322 491 384 555 σού
402 487 510 576 φιλῶν
527 484 688 565 πολλάκις
703 488 760 554 καλ
775 487 1022 576 περιπτύσσων.

151 595 240 653 ΓΑΝ·
277 584 390 671 Αάτδς
411 584 452 657 ἀν
475 586 609 679 εἰδείης·
636 584 700 677 ἰγώ
723 588 760 657 δί
780 588 982 678 κοιμήσομαι
1004 597 1065 660 σου
1081 616 1140 660 κα-

98 694 338 781 ταφιλοῦντος.

151 801 262 858 ΖΕΥΣ
295 794 476 881 Εἰσόμεθα
492 793 569 862 τότε
586 790 792 883 δπρακτίον.
826 800 881 863 νῦν
899 794 935 862 δὲ
952 791 1063 884 ἀπαγο
1079 792 1140 863 αά-

97 893 168 979 τδν,
189 886 342 985 ὦἘρμή,
359 899 416 965 καὶ
427 896 551 966 πιόντα
563 902 622 986 τής
635 892 824 977 ἀθανασίας
837 893 896 985 ἀγε
909 896 1139 988 οἰνοχοήσοντα

98 994 180 1089 ήμῖν
199 998 338 1084 διδάξας
354 999 515 1090 πρότερον
534 994 581 1080 ἀς
594 996 656 1090 χρή
675 994 799 1089 ὀρέγειν
815 996 873 1067 τὸν
890 999 1026 1090 σκύφον.

611 1183 637 1240 5.

425 1288 551 1344 nm
577 1288 816 1365 ιιιικιοτ.
892 1372 894 1375 v

10 1484 12 1493 Ι
151 1418 239 1475 ΗΡΑ,
271 1406 326 1493 Ἐξ
341 1398 381 1478 ού
396 1406 437 1478 τὸ
454 1409 624 1501 μειράκιον
643 1415 758 1493 τοῦτο,
786 1400 908 1494 ὦΖεῦ,
938 1408 978 1480 τὸ
999 1411 1170 1501 Φρύγιονι

10 1500 12 1559 3
99 1511 172 1584 ἀπὸ
190 1520 251 1603 τής
263 1510 346 1603 ”Ιδης
364 1507 521 1605 ἀρπάσας
538 1514 635 1604 δεῦρο
653 1510 824 1602 ἀνήγαγες,
852 1513 987 1584 ἔλαττόν
1003 1539 1063 1601 μοι
1079 1512 1137 1583 τὸν

10 1620 12 1679 ἓ
99 1622 179 1687 νοῦν
195 1619 382 1704 προσέχεις.

152 1724 260 1782 ΖΕΥΣ.
293 1720 360 1786 Καὶ
376 1724 475 1787 τοῦτο
487 1714 564 1807 γάρ,
580 1709 714 1809 ὦἮρα,
734 1718 928 1807 ζηλοτυπεῖς
940 1716 1003 1809 ήδη
1016 1715 1137 1809 ἀφελὲς

10 1830 12 1843 “
100 1816 190 1890 ούτω
208 1821 265 1888 καλ
282 1816 507 1905 ἀλυπότατονς
533 1818 596 1910 ἰγώ
615 1821 652 1890 δὲ
670 1817 761 1911 η’)’μην
774 1833 852 1901 ταῖς
872 1824 1000 1909 γυναιξὶ
1019 1822 1137 1908 μόναις

10 2004 11 2013 ¹
97 1923 248 2012 χαλεπήν
265 1946 304 1993 σε
320 1918 418 2006 εἶναι,
437 1918 566 1992 ὁπόσαι
583 1919 623 1992 ἀν
640 1919 828 2013 ύμιλήσιυσί
841 1949 912 2009 μοι.

153 2033 237 2089 m
290 2021 368 2094 Οὐδ’
392 2024 499 2095 ἐκεῖνα
534 2027 595 2113 μὲν
633 2016 670 2094 εδ
703 2038 816 2107 ποιεῖς
850 2021 928 2093 οὐδὲ
964 2029 1169 2113 πρέπουσαν

101 2134 248 2217 σεαυτῷ,
275 2125 313 2208 ἀς
334 2123 491 2197 ἀπάντων
512 2134 604 2198 θεῶν
626 2128 792 2219 δεσπότης
813 2124 859 2197 ἀν
873 2124 1061 2209 ,ἀπολιπὼν
1079 2124 1137 2212 ἰμὲ

99 2231 158 2324 τήν
179 2231 272 2320 νόμῳ
294 2227 436 2320 γαμετήν
457 2229 514 2300 λπί
536 2229 594 2321 τήν
614 2238 674 2322 γήν
689 2233 782 2301 κάτει
802 2231 987 2318 μοιχεύσων
1001 2235 1136 2322 χρυσίον

11 2376 13 2423 }
99 2331 123 2426 ἢ
144 2334 289 2426 σάτυρος
312 2329 335 2422 ή
358 2339 481 2423 ταῦρος
504 2335 686 2423 γενόμενος.
731 2333 817 2426 πλήν
839 2330 907 2403 ἀλλ’
931 2332 1052 2403 ἰκεῖναι
1076 2336 1136 2418 μέν

11 2504 12 2539 η
100 2461 157 2507 σοι
177 2431 239 2504 κάν
260 2435 294 2504 ἰν
314 2441 357 2527 γῇ
375 2440 525 2522 μένουσι,
551 2435 591 2505 τδ
614 2438 650 2506 δὲ
664 2435 782 2508 Ἰδαῖον
803 2439 897 2506 τουτὶ
918 2438 1055 2506 παιδίον
1077 2432 1137 2527 ἀρ-

100 2539 217 2618 πάσας
234 2535 389 2627 ἀνέπτης,
417 2529 446 2606 ὦ
462 2538 670 2628 γενναιότατε
686 2545 793 2623 θεῶν,
818 2541 876 2608 καὶ
898 2551 1044 2608 συνοικεῖ
1058 2535 1136 2626 ήμῖν

11 2678 12 2725 η
101 2640 160 2711 ἐπὶ
175 2639 321 2730 κεφαλήν
336 2663 396 2727 μοι
414 2639 575 2725 ἰπαχθλν,
595 2640 763 2726 οἰνοχοοῦν
780 2640 821 2732 δή
838 2647 887 2730 τῷ
903 2641 1002 2729 λόγῳ.
1031 2636 1137 2719 ούτως

11 2754 12 2769 ’
100 2741 241 2834 ἠπόρεις
258 2742 428 2827 οἰνοχόων,
454 2746 511 2812 καί
528 2739 792 2835 ἀπηγορεύκασιν
814 2739 880 2830 ἀρα
896 2740 919 2833 ή
934 2738 1062 2830 τεἮβη
1080 2745 1137 2810 καί

101 2842 315 2936 δἮφαιστος
333 2846 597 2933 διακονούμενοις
623 2846 663 2916 σὺ
683 2848 720 2916 δὲ
736 2848 792 2915 καὶ
812 2844 870 2936 τήν
886 2845 1003 2914 κύλικα
1020 2841 1079 2915 οάκ
1096 2841 1137 2913 ἀν

101 2946 212 3029 ἄλλως
224 2948 341 3034 λάβοις
352 2946 431 3040 παρ’
442 2947 545 3017 αάτοῦ
557 2945 579 3040 ἢ
592 2950 737 3040 φιλήσας
750 2948 912 3041 πρότερον
920 2945 1019 3019 αάτὸν
1029 2944 1137 3017 ἀπάν-

100 3078 167 3120 των
184 3048 346 3140 δράντων,
364 3049 475 3120 καὶτὸ
494 3052 624 3148 φίλημά
640 3077 697 3121 σοι
709 3047 803 3142 ήδιον
818 3057 879 3121 τοῦ
895 3057 1063 3143 νέκταρος,
1080 3053 1137 3119 καλ

102 3150 160 3223 διά
176 3159 277 3223 τοῦτο
296 3151 372 3223 οάδλ
390 3155 501 3242 διψῶν
517 3154 678 3237 πολλάκις
696 3154 800 3238 αἰτεῖς
816 3167 922 3224 πιεῖν·
948 3151 1005 3224 διδ
1026 3154 1136 3223 δὲκαὶ

101 3250 372 3344 ἀπογευσάμενος
391 3257 492 3343 μόνον
514 3256 639 3339 ἔδωκας
660 3256 785 3346 ἐκείνῳ,
812 3261 867 3328 καί
889 3258 1027 3338 πιόντος
1049 3252 1137 3324 ἀπο-

101 3357 213 3446 λαβὼν
229 3356 287 3448 τήν
303 3358 418 3428 κύλικα
439 3355 517 3429 ὅσον
538 3355 727 3429 ἀπόλοιπον
749 3359 782 3429 ἰν
800 3357 883 3451 αὐτῇ
899 3366 1021 3441 πίνεις,
1054 3354 1136 3426 ὅθεν

100 3462 159 3531 καὶ
175 3456 195 3529 δ
213 3472 297 3542 παῖς
313 3460 388 3531 ἀπιε
403 3465 460 3530 καλ
477 3461 561 3531 ἔνθα
582 3463 796 3552 προσήρμοσε
816 3460 860 3531 τά
873 3464 981 3549 χείλη,
1008 3459 1064 3528 ἵνα
1080 3461 1137 3526 καλ

101 3569 201 3654 πίνης
218 3559 289 3650 άμα
304 3566 360 3632 καλ
378 3567 491 3654 φιλῇς·
508 3565 625 3658 πρῴην
643 3567 679 3634 δί
696 3562 715 3634 ὃ
732 3562 889 3652 βασιλεὺς
904 3565 961 3631 καί
979 3558 1136 3631 ἀπάντων

100 3665 214 3756 πατήρ
233 3661 444 3754 ἀποθέμενος
459 3664 518 3756 τήν
536 3667 648 3757 αἰγίδα
664 3670 721 3736 καὶ
740 3666 798 3737 τὸν
814 3661 969 3755 κεραυνὸν
986 3663 1134 3752 ἐκάθησο

101 3763 350 3859 ἀστραγαλίζων
365 3766 435 3856 μετ’
451 3766 552 3855 αάιοῦ
570 3768 589 3838 δ
607 3772 752 3860 πώγωνα
769 3772 960 3860 τηλικοῦτον
976 3770 1136 3852 καθειμέ-

100 3894 169 3954 νος.
205 3866 338 3941 ἅπαντα
355 3863 413 3942 ούν
431 3868 499 3962 ὅριῦ
515 3879 635 3956 ταῦτα,
654 3870 740 3942 ὥστε
756 3870 802 3962 μή
821 3871 894 3941 α’ίου
912 3869 1099 3939 λανθάνειν.

154 3985 259 4043 ΖΕΥΣ
297 3977 365 4043 Καί
380 3980 416 4043 τί
432 3973 551 4060 δεινὸν,
580 3966 607 4044 ἀ
621 3971 718 4066 Ἦρα,
744 3975 915 4066 μειράκιον
932 3968 1019 4043 ούτιυ
1036 3970 1134 4042 καλὸν
1151 3994 1168 4044 ³

102 4075 227 4165 μεταξὺ
248 4082 387 4148 πίνοντα
406 4082 600 4170 καταφιλεῖν
620 4080 677 4148 καί
697 4075 845 4173 ήδεοθαι
865 4074 992 4236 ἀμφοῖν
1012 4078 1133 4164 καὶτῷ
