2724 4634
238 208 300 277 128
615 222 870 282 ΛοιΚιΑΝον

237 331 465 419 κοιλθακρύεις,
487 357 514 397 ω
499 321 708 421 ’κάθαρμα
714 330 868 422 καὶπρὸς
882 312 1032 402 θάνατον
1048 326 1263 428 ἀποδειλιᾷς,

237 433 362 521 ε’μβηθι
380 424 464 501 δ’
424 460 492 501 ουν.

285 545 377 601 ΜΕΝ.
403 536 459 605 Ἕν
475 532 580 603 ότιτό
598 534 818 627 βαρύτατον
799 562 867 647 οπο
852 536 992 627 μάλης
1008 537 1085 625 όχει.

253 646 376 702 ανον
414 645 465 721 τι,
485 664 512 704 ω
500 629 696 723 Μένιππος

283 749 373 805 ΜΕΝ.
407 733 641 823 Κολακείαν,
614 769 640 808 ω
651 739 758 885 Ἑρμῆ,
772 740 881 811 πολλὰ
891 743 1157 832 χρησιμεύσασαν
1171 743 1263 835 αύτῷ

234 844 422 933 ἀσυλία·

285 955 360 1009 ΦΙΝ
410 943 531 1015 Ούκούν
548 949 603 1013 καὶ
622 945 675 1027 σὺ,
700 973 726 1012 ω
712 937 911 1029 Μένιππε,
935 944 1126 1016 ἀπόθου
1091 976 1150 1038 την
1172 948 1266 1017 ἀλευ-

232 1054 352 1137 θερίαν
368 1051 424 1119 καλ
441 1046 627 1137 παρρησίαν
645 1052 700 1117 καὶ
716 1048 755 1116 τό
775 1045 903 1117 ἀλυπον
918 1053 974 1119 καὶ
990 1047 1028 1118 τὸ
1048 1064 1191 1135 γενναῖον
1204 1055 1262 1121 καὶ

232 1151 289 1221 τὸν
306 1156 447 1239 γέλωτα·
469 1151 570 1234 μόνος
587 1157 664 1237 γοῦν
681 1158 746 1217 τῶν
764 1148 872 1217 ἀλλων
889 1154 995 1240 γελᾷς.

283 1263 369 1317 ΕΡΜ.
403 1254 585 1340 Μηόαμώς,
610 1249 694 1319 ἀλλὰ
712 1255 768 1319 καὶ
785 1252 835 1336 ἔχε
852 1260 970 1335 ταῦτα,
994 1260 1103 1344 κούφα
1120 1255 1182 1346 γάρ
1205 1260 1265 1324 καὶ

182 1373 215 1421 10
231 1358 321 1433 πάνυ
341 1354 468 1443 εύφορα
487 1352 566 1422 ὅντα
583 1358 639 1421 καὶ
654 1353 741 1440 πρὸς
753 1353 810 1425 τὸν
822 1356 1011 1424 κατάπλουν
1021 1356 1177 1447 χρήσιμα.
1206 1363 1264 1428 καὶ

233 1458 250 1529 ὃ
270 1460 377 1550 ῥήτωρ
397 1459 433 1526 δὲ
449 1457 490 1526 σύ
510 1454 648 1524 ἀπόθου
666 1464 732 1524 τών
750 1458 904 1547 ῥημάτων
920 1456 977 1546 τὴν
994 1461 1155 1547 τοσαύτην
1178 1458 1263 1529 ἀπε.

232 1563 445 1652 ραντολογίαν
462 1561 517 1626 καὶ
531 1557 718 1637 ἀντιθέσεις
730 1564 785 1625 καλ
797 1560 1003 1646 παρισώσεις
1015 1563 1070 1627 καὶ
1083 1562 1265 1647 περιόδους

231 1666 287 1731 καὶ
304 1660 552 1752 βαρβαρισμοὺς
566 1663 624 1727 καλ
640 1659 682 1727 τὰ
698 1658 784 1728 άλλα
799 1661 884 1751 βάρη
902 1668 968 1730 τών
985 1663 1100 1750 λόγων.

282 1773 368 1827 ΡΗΤ.
396 1761 452 1832 Ἢν
470 1762 557 1846 ἰδοὺ,
578 1760 796 1848 ἀποτίθεμαι.

281 1876 368 1932 ΕΡΜ.
402 1858 453 1935 E&
472 1866 552 1950 ἔχει·
572 1863 658 1934 ώστε
676 1868 732 1933 λύε
749 1865 791 1932 τὰ
811 1862 966 1953 ἀπόγεια,
985 1863 1042 1954 τὴν
1056 1862 1263 1955 ἀποβάθραν
1353 1874 1354 1877 ’

233 1966 443 2056 ἀνελώμεθα,
463 1968 501 2037 τὸ
521 1966 673 2057 ἀγκύριον
692 1965 912 2049 ἀνεσπάσθω,
931 1973 1076 2036 πέτασον
1088 1965 1127 2035 τὸ
1143 1968 1262 2052 ἱστίον,

183 2087 214 2135 11
234 2069 365 2154 εύθννε,
386 2064 414 2140 ώ
431 2078 602 2161 πορθμεῦ
622 2069 661 2139 τὸ
679 2071 857 2158 πηδάλιον·
876 2067 1088 2154 εύπλοώμενζ
1103 2076 1139 2137 τί
1155 2071 1263 2155 οἰμώ-

233 2176 314 2257 ζετε,
340 2165 536 2259 ώμάταιοι,
559 2176 616 2240 καλ
632 2169 816 2257 μάλισταί
799 2199 817 2240 ο
836 2172 1023 2262 φιλόσοφος
1041 2169 1080 2241 σὺ
1100 2169 1118 2240 ὃ
1138 2169 1262 2260 ἀρτίως

229 2275 285 2345 τὸν
303 2276 448 2400 πώγιρνα
466 2277 614 2400 ἀεδηωμ
585 2300 685 2359 ιενος,·

281 2394 358 2449 ΦΙΛ.
393 2374 473 2460 θεν,
494 2368 521 2444 ὦ
536 2375 647 2466 Ἑρμῆ,
668 2373 879 2445 άθάνατσν”
850 2403 941 2465 ωμην
953 2404 1011 2465 την
1025 2334 1132 2465 ψυχην
1150 2374 1261 2467 ἀπάρ-

227 2506 307 2565 χειν.

280 2599 370 2655 ΜΕΝ.
410 2582 581 2651 Ψεύύεται·
604 2579 740 2649 ἀλλα
705 2609 766 2670 γαρ
785 2581 871 2650 ἐὀικε
887 2585 1003 2649 λυπεῖν
1020 2578 1131 2650 αὐτόν.

208 2717 213 2724 ·
254 2701 367 2759 ΙΕΡΜ.
403 2684 451 2754 Τὰ
468 2697 570 2769 ποῖα,·

278 2805 369 2861 ΜΕΝ.
405 2784 472 2857 “Orc
501 2794 616 2877 μηκέτι
645 2787 816 2874 δειπνήσει
839 2787 1003 2874 πολυτελῆ
1030 2774 1148 2853 δεῖπνα
1173 2787 1260 2874 μηδὲ

227 2890 351 2981 νύκτωρ
371 2890 465 2972 ἀξιῶν
483 2887 632 2970 άπαντας
649 2889 821 2956 λανθάνων
837 2894 885 2977 τῷ
905 2888 1024 2975 λματίηι
1037 2885 1094 2976 τὴν
1112 2887 1259 2976 κεφαλὴν

228 2995 433 3082 κατειλήσας.
444 3000 606 3084 περίεισιν
629 2992 661 3060 ἒν
678 2992 783 3080 κύκλῳ
801 2992 843 3060 τὰ
858 3005 1097 3077 χαμαιτυπεῖα,
1120 2993 1177 3056 καὶ
1196 2990 1259 3056 ἕω-

228 3102 291 3164 θεν
314 3096 485 3179 ἓξαπατών
506 3095 584 3177 τοὺς
605 3100 697 3175 νέους
719 3095 778 3163 ἐπὶ
798 3102 838 3184 τῇ
857 3099 962 3183 σοφίη
978 3090 1132 3182 ἀργύριον
1150 3093 1257 3180 λήψε-

227 3219 299 3268 ται·
320 3206 426 3267 ταῦτα
442 3204 542 3267 λυπεῖ
559 3194 667 3266 αὐτόν.

230 3348 235 3355 ·
280 3318 354 3373 ΦΙΛ.
397 3301 444 3370 Σύ
462 3300 538 3389 γάρ,
559 3291 770 3379 ώΜένιππε,
792 3294 850 3364 οὐκ
868 3293 957 3386 ἀχθῃ
976 3294 1177 3380 ἀποθανώνς

251 3420 368 3476 ·ΜΕΝ.
403 3411 493 3484 Πῶς,
518 3403 556 3482 ὃς
573 3401 720 3470 ἔσπευσα
738 3400 796 3467 ἀπὶ
812 3398 869 3466 τὸν
886 3400 1034 3469 θάνατον
1057 3402 1256 3478 καλέσαντος

178 3530 210 3580 12
226 3508 382 3595 μηδενός,·
417 3503 500 3573 ἀλλὰ
528 3505 649 3629 μεταξὺ
676 3503 781 3591 λόγων
808 3501 845 3569 οά
873 3501 993 3591 κραυγή
1019 3526 1072 3581 τις
1099 3497 1256 3568 ἀκούεται

227 3606 342 3700 ώσπερ
359 3616 456 3678 τινών
474 3606 543 3676 ἀπὸ
561 3614 619 3695 γῆς
635 3605 805 3691 βοώντων,

276 3728 365 3784 ΕΡΜ
398 3714 479 3793 Ναὶ,
497 3737 527 3777 ω
512 3701 711 3789 Μένιππε,
731 3703 790 3774 οάκ
808 3702 857 3795 ἀφ
854 3702 958 3785 ’ἑνός
973 3729 1010 3793 γε
1024 3730 1094 3789 χωρ
1096 3710 1162 3786 ίου,
1183 3697 1253 3770 ἀλλ’

226 3815 259 3882 οἱ
275 3817 334 3901 μὲν
351 3811 434 3895 ἐς
401 3841 458 3903 την
476 3812 605 3903 ἀοιλησί
605 3839 644 3880 αν
658 3803 910 3888 οννελθόντες”
886 3833 1023 3894 ασμενοι
1035 3809 1155 3894 γελῶσι
1168 3805 1255 3874 πάν-

223 3942 278 3998 τες
296 3917 353 3985 ἐπὶ
370 3923 418 4005 τηλ
430 3922 609 4002 Λαμπίχου
625 3913 763 4000 θανάτῳ
777 3907 863 3979 καὶι
844 3941 864 4000 η
877 3937 955 4001 γυνη
969 3910 1069 3979 αάτου
1055 3913 1254 3991 συνέχεται

222 4018 310 4110 πρὸς
330 4027 395 4091 τῶν
416 4019 651 4109 γυναικῶνκαὶ
672 4014 715 4085 τὰ
736 4016 858 4084 παιδία
878 4012 993 4104 νεογνὰ
1020 4010 1099 4082 ὄντα
1126 4008 1255 4099 ὁμοίως
