2740 4648
423 257 531 315 XVIII.
552 255 775 313 ΑΠΟΛΟΓΙΑ
795 256 881 310 4-6.
1099 240 1162 305 269

136 366 243 452 μυρία
257 357 299 428 τά
318 361 455 450 δυσχερῆ
472 361 609 444 πάσχων
624 363 680 431 καί
697 365 814 441 ποιῶν,
833 360 865 428 δν
882 359 966 449 γήρᾳ
984 356 1015 426 δ’
1030 356 1162 448 ὓστάτῳ

137 467 194 532 καί
216 461 331 547 σχεδὸν
351 459 413 552 ήδη
435 460 520 553 άπέρ
540 461 598 531 τὸν
620 459 718 531 οῦδδν
743 456 849 543 οὕτως
875 458 987 549 άγεννή
1012 464 1164 551 λατρείαν

136 565 383 656 ἐπανῃρημένου
409 567 465 633 καὶ
488 568 661 651 μονονουχὶ
687 567 743 633 καὶ
768 562 1038 649 ἐμπομπεύοντος
1065 561 1162 653 αὐτῇ·
1285 602 1287 606 ⁴

139 664 211 755 ὅσῳ
218 673 296 754 γοῦν
303 673 408 737 πᾶσιν
421 663 659 755 ἐπισημότερος
673 663 757 735 εἶναι
770 668 884 747 δοκεῖς,
903 662 1052 753 τοσσάτφ
1061 691 1163 732 κατα·

135 769 372 860 γελαστότερος
394 765 434 839 άν
456 769 587 852 δόξειας
611 767 710 851 εἶναι,
738 765 997 856 ἀντιφωνοῦντος
1022 774 1082 835 τοῦ
1108 773 1162 835 νῦν

34 952 41 963 ¹
135 877 214 958 βίον
231 876 279 959 τῷ
295 875 426 959 βιβλίῳ.
460 876 569 940 καίτοι
585 876 619 940 τί
636 873 689 940 δεῖ
703 869 814 960 καινήν
831 870 890 940 έπὶ
910 872 948 939 σδ
968 873 1162 958 κατηγορίαν
1181 891 1196 939 5

138 974 245 1062 ζητεῖν
261 972 345 1058 μετὰ
361 971 419 1061 τήν
435 971 632 1062 θαυμαστήν
648 975 833 1062 τραγῳδίαν
850 976 1008 1060 λέγουσαν

300 1081 389 1160 μισῶ
407 1075 569 1166 σοφιστήν
586 1071 678 1155 ὅστις
695 1072 753 1160 οὐχ
771 1073 859 1164 αῦτη]
878 1077 1000 1163 σοφός;

139 1174 199 1245 σῦκ
221 1175 429 1264 ἀπορήσουσι
451 1177 488 1244 δὲ
509 1177 543 1244 οἱ
563 1185 815 1266 κατηγοροῦντες
840 1181 895 1245 καὶ
922 1173 1028 1243 άλλων
1054 1198 1164 1261 παρα-

138 1279 322 1367 δειγμάτων
339 1277 397 1345 έπλ
415 1279 465 1360 σέ,
489 1275 557 1346 ἀλλ’
574 1279 606 1347 οί
622 1280 681 1363 μέν
698 1291 769 1359 τοῖς
785 1291 950 1366 τραγικοῖς
969 1275 1164 1366 ὑποκριταῖς

138 1381 341 1460 εἰκάσουσιν,
369 1383 404 1448 οἳ
425 1379 482 1448 ἐπὶ
502 1382 561 1465 μέν
586 1388 644 1469 τῆς
666 1388 781 1470 σκηνῆς
800 1378 1003 1467 Ῐέγαμέμνων
1030 1379 1164 1476 ἕκαστος

139 1481 248 1553 αὐτῶν
265 1479 286 1571 ή
303 1488 414 1572 Κρέων
431 1479 452 1570 ἢ
471 1479 570 1563 αὐτὸς
584 1480 738 1571 Ἡρακλῆς
756 1484 847 1564 εἰσιν,
872 1481 932 1565 ἐ’ξω
956 1483 992 1549 δὲ
1009 1485 1125 1559 Πῶλος
1143 1475 1164 1568 ἢ

134 1583 367 1674 Ἀριστόδημος
385 1582 592 1669 ἀποθέμενοι
613 1583 655 1652 τὰ
677 1598 876 1671 προσωπεῖα
897 1590 1060 1672 γίγνονται
1077 1580 1164 1650 ῦπό-

137 1695 262 1775 μισθοι
270 1688 519 1777 τραγῳδοῦντες,
530 1685 743 1766 ἐκπίπτοντες
751 1690 804 1754 καὶ
815 1688 1049 1773 συριττόμενοι,
1062 1683 1165 1752 ἐνίοτε

140 1791 241 1857 δὲκαὶ
252 1790 507 1877 μαστιγούμενοί
519 1813 604 1867 τινες
617 1785 733 1868 αάτιῦν,
753 1786 798 1869 ὡς
812 1786 851 1855 δν
864 1795 911 1877 τηῦ
926 1790 1058 1875 θεάτρῳ
1070 1788 1164 1875 δοκῇ·

139 1891 237 1959 άλλοι
258 1888 354 1958 δὲτὸ
376 1897 435 1958 τοῦ
460 1891 609 1980 πιθήκου
631 1895 840 1958 πεπονθέναι
862 1914 899 1958 σε
922 1891 1099 1978 φήσουσιν,
1128 1889 1165 1956 δν

138 1993 338 2083 Κλεοπάτρα
359 1999 400 2082 τῇ
422 1992 509 2060 πάνυ
531 1998 618 2082 φασί
637 1998 809 2081 γενέσθαι·
837 1990 957 2059 ἐκεῖνον
981 1991 1043 2078 γὰρ
1072 1990 1166 2057 διδα-

136 2101 263 2181 χθέντα
283 2099 366 2175 τέως
385 2095 444 2180 μέν
466 2091 641 2184 ὀρχεῖσθαι
662 2096 749 2164 πάνυ
771 2099 915 2179 κοσμίως
940 2097 997 2161 καί
1018 2093 1166 2178 έμμελιῦς

127 2200 195 2265 ,καὶ
213 2196 271 2269 έπὶ
287 2194 373 2265 πολὺ
390 2198 630 2282 θαυμάζεσθαι
645 2204 783 2284 μένοντα
798 2196 830 2264 ἐν
843 2202 890 2284 τῷ
905 2197 1044 2283 σχήματι
1057 2192 1163 2262 καὶτὸ

8 2382 10 2385 v
140 2305 270 2389 πρέπον
288 2299 494 2388 φυλάττοντα
515 2302 571 2368 καὶ
591 2313 662 2380 τοῖς
685 2296 806 2391 ᾄδουσι
821 2303 877 2368 καὶ
900 2295 1037 2366 αὐλοῦσι
1055 2322 1166 2385 συγκι-

9 2484 10 2487 ,
139 2396 463 2487 νοόμενονδμέναιον,
484 2400 558 2471 ἐπεὶ
568 2404 603 2470 δέ
615 2399 699 2471 είδεν
712 2403 843 2487 ἰσχάδα,
862 2400 965 2487 οἶμαι,
984 2398 1166 2490 ήάμυγδα-

9 2520 11 2573 i
140 2507 198 2592 λήν
215 2504 330 2591 πόρρω
344 2508 499 2593 κειμένην,
517 2502 626 2594 μακρά
637 2510 762 2591 χαίρειν
775 2505 950 2593 φράσαντα
962 2517 1034 2585 τοῖς
1052 2500 1166 2585 αῦλοῖς

140 2609 196 2673 καὶ
205 2608 348 2695 ῥυθμοῖς
355 2608 411 2673 καί
424 2602 603 2696 δρχήμασιν
613 2603 810 2695 ἁρπάσαντα
818 2606 1046 2694 κατατρώγειν,
1059 2601 1166 2692 άπορ-

140 2713 303 2798 ρίψαντα,
322 2710 446 2794 μᾶλλον
467 2708 504 2775 δὲ
521 2714 744 2797 συντρίψαντα
760 2705 799 2775 τὸ
818 2709 1010 2796 πρόσωπον.
1046 2709 1102 2772 καὶ
1123 2703 1162 2772 οδ
1183 2727 1197 2775 ε

139 2816 256 2893 τοίνυν,
277 2824 374 2902 φαῖεν
391 2806 441 2889 άν,
461 2807 521 2894 οῦχ
537 2808 728 2900 ῦπδκριτής,
748 2808 832 2877 άλλδι
849 2807 989 2898 ποιητής
1006 2815 1071 2876 τῶν
1088 2810 1165 2874 καλ-

139 2916 259 2981 λίστων
276 2916 331 2982 καί
348 2918 532 3000 νομοθέτης
548 2914 718 3000 γενόμενος
730 2910 797 2981 ὑπὸ
811 2915 948 3001 ταυτησὶ
961 2918 1018 2999 τής
1032 2911 1166 2994 ἰσχάδος

114 3021 392 3104 ,παραφανείσης
408 3012 569 3104 ἠλέγχθης
589 3022 736 3105 πίθηκος
759 3013 805 3084 ὢν
826 3019 881 3084 καὶ
904 3012 961 3084 ἀπ’
980 3012 1079 3105 άκρου
1096 3019 1165 3098 χεί-

90 3158 95 3177 s
139 3120 218 3195 λους
235 3119 430 3206 φιλοσοφῶν
446 3121 502 3184 καὶ
521 3117 614 3207 έτερα
630 3120 689 3204 μέν
706 3121 835 3187 κεύθων
858 3117 905 3187 ένλ
927 3122 1056 3207 φρεσὶν,
1081 3114 1165 3185 άλλα

140 3217 178 3284 δέ
195 3219 304 3302 λέγων,
325 3214 371 3296 ὥς
388 3217 522 3298 εἰκότως
540 3216 579 3287 άν
595 3246 669 3287 τινα
687 3219 744 3289 έπὶ
762 3228 821 3289 σοῦ
841 3221 947 3288 εἰπεῖν
961 3217 1013 3291 ὅτι
1027 3220 1049 3286 ά
1062 3222 1165 3307 λέγεις

139 3320 196 3386 καί
214 3314 265 3406 ἐφ’
282 3317 333 3398 οἷς
355 3317 571 3387 ἐπαινεῖσθαι
593 3318 712 3402 ἀξιοῖς,
737 3324 848 3405 χείλεα
869 3327 929 3406 μέν
947 3344 1006 3388 σου
1031 3320 1163 3408 ἐδίηνεν,

140 3417 293 3509 ὖπερηίην
307 3418 338 3487 δ’
346 3417 522 3504 αὐχμῶσαν
530 3425 756 3491 καταλέλοιπε.
774 3428 946 3511 τοιγαροῦν
954 3420 1047 3509 παρὰ
1056 3422 1165 3503 πόδας

140 3521 243 3604 εὐθὺς
252 3523 362 3605 έτισας
372 3524 471 3612 δίκην,
490 3530 668 3612 προπετῶς
676 3525 735 3609 μέν
749 3524 999 3615 θρασυνάμενος
1011 3520 1096 3612 πρὸς
1104 3522 1164 3604 τὰς

140 3623 331 3715 άνθριάπων
347 3631 467 3715 χρείας,
486 3624 570 3711 μετὰ
586 3623 702 3715 μικρὸν
719 3628 756 3695 δὲ
767 3628 940 3713 μονονουχὶ
953 3621 1020 3694 ῦπδ
1034 3626 1164 3715 κήρυξιν

141 3726 381 3814 ἐξομοσάμενος
405 3727 463 3818 τήν
489 3727 690 3816 ἐλευθερίαν.
733 3732 788 3797 καὶ
815 3727 910 3817 έηίκει
934 3725 1164 3818 ήῖέδράστεια

139 3829 216 3898 τότε
236 3831 377 3900 κατόπιν
403 3829 576 3921 ἐφεστῶσά
598 3851 653 3899 σοι
675 3828 902 3917 εῦδοκιμοῦντι
924 3826 975 3920 έφ’
991 3827 1042 3910 οίς
1066 3855 1165 3920 κατη-

137 3931 249 4023 γόρεις
264 3940 330 4003 τῶν
348 3931 463 4016 άλλων,
482 3932 660 4020 καταγελᾶν
678 3929 725 4014 ιδς
742 3930 781 4002 άν
795 3931 877 4014 θεὸς
895 3932 1003 4000 εἰδυῖα
1015 3930 1073 4023 τήν
1085 3935 1165 4025 μέλ

137 4034 263 4117 λουσάν
285 4060 345 4106 σου
368 4034 402 4118 ές
421 4034 464 4105 τὰ
486 4033 586 4124 όμοια
605 4034 788 4126 μεταβολήν
810 4038 866 4104 καί
888 4030 940 4105 ὅτι
967 4031 1025 4105 οῦκ
1051 4034 1085 4117 ές
1104 4033 1164 4105 τὸν
