2740 4648
237 220 300 287 318
529 262 532 267 ·
625 230 881 289 AOTKIANOT

238 337 349 423 ίσικεν,
368 322 445 427 ήμίυ
462 333 544 429 ἀνήρ
559 364 611 420 τις
628 344 787 421 τοιοῦτος,
808 337 1061 427 διαγνωστικούς
1072 363 1108 406 τε
1121 340 1177 406 καλ
1191 339 1264 408 δια-

129 524 131 528 ,
236 440 401 531 κριτικούς
418 442 569 531 ποιήσων
586 437 744 530 ἡμᾶςκαὶ
759 439 800 509 τὸ
812 446 976 529 μέγιστον,
997 438 1272 524 ἀπσδεικτικούςῑ

239 541 284 626 ὥς
305 544 347 612 τά
363 569 400 631 γε
421 541 504 628 μετὰ
525 550 629 610 ταῦτα
651 543 751 634 ῥᾴδιοι
775 544 836 632 ήδη
857 546 913 611 καὶ
934 540 1132 634 ἀπράγμονα
1153 547 1209 612 καὶ
1226 541 1263 612 ού
1301 562 1309 566 “

237 648 362 735 πολλῆς
379 647 549 734 διατριβῆς
567 646 716 730 δεόμενα.
742 650 798 714 καὶ
816 645 915 734 λ’γωγε
929 642 994 735 ’ήδη
1009 647 1105 736 χάριν
1120 641 1197 714 οἶδά
1210 671 1265 716 σοι

238 748 399 837 δξιυράντι
417 747 578 832 σύντομόν
594 773 669 814 τινα
684 747 806 836 ταύτην
822 745 899 839 ἡμῖν
915 752 972 815 καὶ
989 749 1110 838 ῥᾴστην
1129 745 1217 816 ὁδόν.

195 900 198 905 ,
289 864 372 922 m„
410 853 478 918 Καὶ
493 848 558 938 μήν
576 845 708 917 ούδίπω
725 850 821 939 χάριν
836 847 878 920 άν
895 872 954 936 μοι
972 850 1093 940 εἰδείης
1114 850 1264 931 εἰκότως·

239 950 332 1022 οὐδὲν
348 952 411 1042 γάρ
425 976 481 1022 σοι
498 951 682 1042 δξηυρηκολς
694 952 811 1035 δδειξα,
831 950 877 1033 ὥς
890 950 1048 1042 ἐγγυτέρω
1063 976 1100 1021 σε
1112 953 1268 1041 ποιήσειν

236 1062 295 1145 τῆς
317 1054 466 1138 ἐλπίδος,
493 1053 532 1123 τὸ
555 1057 593 1123 δὲ
614 1053 701 1124 πολὺ
723 1060 923 1145 πορρωτέρω
944 1056 1121 1144 γεγόναμεν
1142 1051 1164 1143 ἢ
1182 1054 1268 1140 πρά-

237 1184 330 1248 τερον
346 1148 428 1247 ἦμεν
444 1160 500 1225 καλ
516 1155 600 1226 κατὰ
616 1155 695 1238 τοὺς
711 1157 1032 1247 παροιμιαζομένους
1049 1154 1185 1225 απολλδι
1205 1180 1268 1244 μυ-

234 1260 421 1349 χθήσαντες
437 1257 562 1346 ὁμοίοις
579 1259 676 1347 ἐσμὲν
694 1260 791 1350 οἵπερ
809 1255 934 1345 ίσμίν.”

288 1378 376 1433 EPM.
410 1368 489 1442 Πῶς
505 1369 604 1431 τούτο
623 1363 705 1453 φήςς
722 1362 810 1431 πάνυ
827 1359 890 1451 γάρ
908 1363 1056 1453 λυπηρόν
1071 1384 1106 1431 τι
1118 1365 1176 1430 καί
1189 1363 1268 1432 δύσ-

238 1466 317 1532 ελπι
334 1462 419 1554 ίρείν
437 1462 557 1544 ἔοικας.

187 1587 221 1636 ⁷0
288 1583 371 1638 ΛΥΚ.
402 1561 477 1647 Ὅτι,
497 1557 525 1633 ὦ
544 1564 662 1656 ἑταῖρε,
681 1564 741 1635 κάν
759 1562 903 1656 εύρωμεν
919 1564 1180 1651 ύπισχνούμενάν
1194 1591 1269 1636 τινα

238 1668 359 1737 εἰδέναι
367 1695 403 1737 τε
414 1665 586 1751 ἀπόδειξιν
594 1672 649 1740 καί
659 1665 757 1737 ἀλλσν
771 1670 925 1753 διδάξειν,
945 1666 1003 1738 ούκ
1015 1667 1141 1750 αὐτίκα
1162 1665 1266 1755 οἶμαι,

238 1767 459 1857 πιστεύσομεν
477 1768 576 1859 αύτῷ,
597 1768 682 1838 ἀλλά
693 1798 774 1840 τινα
787 1771 1012 1859 ζητήσομεν
977 1769 1156 1860 συνκρῖναι
1170 1772 1269 1839 δυνά-
1354 1842 1355 1855 ,

237 1898 343 1960 μενον,
367 1874 398 1942 εἰ
416 1870 563 1961 ἀληθῆι
546 1899 564 1941 ο
583 1870 662 1962 ἀνὴρ
680 1875 782 1960 λέγει·
802 1871 862 1942 κάν
879 1875 997 1943 τούτου
1021 1870 1266 1962 εύπορήσωμεν,

237 1971 301 2064 αδν
302 1978 358 2044 λον
376 1974 460 2044 ἴτι“
441 1990 519 2066 ημῖν
537 1974 602 2044 εί“
585 2004 603 2044 ο
619 1967 864 2064 ἐπιγνώμων
828 2002 923 2056 ουτος
937 2002 954 2044 α
957 1974 1007 2043 λδε
1021 1976 1269 2064 διαγιγνώσκειν

236 2075 293 2146 τὸν
312 2075 426 2167 ὀρθῶς
442 2074 651 2167 κρινοῦνταή
670 2077 730 2167 μὴ,
758 2082 813 2146 καὶ
837 2075 944 2147 ἐπ”
905 2077 1004 2147 αυτὸν
1026 2071 1128 2159 αὖθις
1149 2085 1269 2146 τοῦτον

238 2175 337 2248 ἀλλον
356 2179 594 2268 ἐπιγνώμονος,
620 2177 728 2265 οἶμαι,
753 2178 859 2249 δεῑ·’
840 2194 935 2270 ημεῖς
951 2180 1013 2269 γάρ
1031 2177 1185 2249 πόθεν
1161 2206 1203 2248 αν
1222 2180 1267 2248 ελ-

239 2282 369 2371 δείημεν
378 2285 553 2372 διακρίνειν
561 2282 617 2352 τὸν
627 2280 746 2369 άριστα
759 2296 867 2374 κρῖναι
880 2284 1073 2368 δυνάμενον,·
1091 2280 1173 2373 δρᾷς
1186 2278 1268 2352 ὅποι

238 2391 336 2452 τούτο
346 2381 557 2454 ἀποτείνεται
569 2389 625 2454 καλ
638 2383 684 2466 ὥς
693 2384 876 2476 ἀπίραντυν
888 2392 1040 2475 γίγνεται,
1060 2390 1177 2475 στῆναί
1184 2410 1269 2455 ποτε

238 2488 295 2554 καὶ
307 2490 560 2578 καταληφθῆναι
572 2487 618 2578 μή
633 2490 826 2575 δυνάμενονς
845 2488 920 2557 ἐπεὶ
932 2491 985 2556 καὶ
999 2487 1059 2569 τὰς
1078 2485 1270 2570 ἀποδείξεις

239 2585 354 2673 αύτὰς,
379 2588 509 2671 ὁπόσας
528 2590 598 2660 οἶόν
615 2617 652 2659 τε
670 2590 837 2682 εὑρίσκειν,
857 2589 1169 2681 ἀμφισβητουμένας
1186 2586 1269 2677 ὄψει

237 2692 451 2783 καίλμηδδν
449 2694 573 2777 χούσας
592 2699 742 2781 βέβαιον·
769 2695 806 2762 αλ
822 2700 901 2783 γοῦν
918 2697 1074 2762 πλεῖσται
1095 2690 1207 2761 αύτῶν
1225 2686 1267 2761 δι
1353 2754 1354 2775 ,

239 2792 346 2864 ἀλλων
364 2793 679 2886 ἀμφισβητουμένων
696 2794 866 2865 πείθειν
847 2803 933 2885 ημᾶς
944 2797 1116 2882 βιάζονται
1134 2794 1267 2876 εἰδέναι,

239 2896 276 2964 αλ
293 2898 329 2964 δὲ
346 2910 417 2977 τοῖς
434 2900 521 2967 πάνυ
540 2898 773 2989 προδήλοις
737 2927 780 2968 τα
803 2897 1016 2989 ἀφανέστατα
1038 2899 1269 2968 συνάπτουσαι

238 2996 394 3068 ούδὲν’
355 3013 468 3080 αυτοῖς
489 3009 703 3070 κοινωνοῦντα
725 2997 956 3085 ἀποδείξεις’
935 3027 1027 3086 ομως
1048 2998 1157 3068 αύτων
1182 2996 1271 3068 εἶναι

239 3102 432 3192 φάσκουσιν,
456 3126 570 3227 ωσπερ
593 3104 626 3171 εί
645 3130 696 3184 τις
715 3104 820 3173 οιοιτο
839 3099 1083 3187 ἀποδείξεινῖ
1050 3129 1134 3173 εναι
1152 3100 1268 3183 θεοὺς,

239 3204 327 3272 διότι
342 3207 452 3290 βωμοὶ
470 3202 578 3274 αύτιύν
596 3201 687 3288 ὄντες
704 3213 889 3297 φαίνονται.
925 3202 1020 3289 ὥστε,
1038 3233 1068 3274 ω
1082 3204 1269 3296 Ἑρμότιμε,
1352 3226 1353 3229 ’

239 3303 298 3375 ούκ
316 3303 413 3376 olem
393 3332 487 3390 οπως
501 3310 659 3411 καθάπερ
679 3311 712 3377 οἱ
729 3309 763 3380 ἐν
779 3310 886 3399 κύκλῳ
904 3315 1040 3390 θέοντες
1058 3307 1167 3377 ίπλ
1132 3335 1191 3399 την
1209 3304 1272 3375 αύ-

237 3408 295 3500 τήν
313 3406 412 3500 ἀρχὴν
429 3414 484 3481 καὶ
502 3398 646 3504 ἀπορίαν
664 3408 964 3504 ἐπανεληλύθαμεν.

187 3532 218 3582 71
289 3529 376 3584 ΕΡΜ
412 3513 474 3583 Οἷά
495 3540 538 3599 με
560 3507 765 3605 εἰργάσω,
737 3541 763 3582 ω
781 3526 914 3598 Λυκῖνε,
938 3513 1109 3605 ἀνδρακάς
1129 3538 1190 3600 μοι
1212 3509 1273 3581 τὸν

237 3613 445 3705 θησαυρὸν
425 3618 611 3708 ἀποφήνας
630 3615 729 3685 καί(
702 3645 749 3698 ως
765 3618 868 3688 ἔοικεν
886 3615 1063 3687 ἀπολεῖταί
1074 3643 1134 3703 μοι
1150 3613 1194 3684 τὰ
1212 3640 1275 3684 το-

238 3725 344 3787 σαῦτα
362 3717 416 3807 ἔτη
435 3722 491 3787 καὶ
509 3717 527 3788 ὁ
545 3722 691 3807 κάματος
708 3718 727 3790 δ
744 3721 859 3802 πολύς.

289 3838 373 3894 ΛΥΚ.
403 3819 493 3905 Ἀλλ’,
514 3814 737 3912 ὦἙρμότιμε,
756 3823 843 3892 πολὺ
862 3822 996 3893 ἔλαττον
1014 3819 1143 3911 ἀνιάσῃ,
1163 3818 1205 3909 ἢν
1219 3818 1277 3889 δν-
1351 3814 1352 3847 ³

238 3924 358 4014 νοήσῃς
374 3920 427 3992 ὅτι
445 3921 483 3993 ού
497 3923 538 3994 σύ
550 3927 651 4011 μόνος
664 3926 726 4009 ἔξω
739 3932 848 4014 μένεις
859 3933 925 3995 τῶν
939 3925 1166 3994 ἐλπισθέντων
1184 3919 1277 4011 ἀγα-

238 4030 322 4111 θοῖν,
341 4025 426 4094 ἀλλὰ
442 4027 576 4113 πάντες,
600 4025 647 4109 ὥς
664 4030 746 4111 δπος
762 4030 878 4114 εἰπεῖν,
897 4032 976 4117 περὶ
994 4025 1070 4097 δνοσ
1089 4032 1184 4106 σκιᾶς
1201 4024 1278 4113 μά·
