2740 4648
592 168 602 201 λ

207 211 272 291 264,
589 222 844 280 εοειιεισοτ

205 328 267 418 γὰρ
285 325 344 396 οάκ
360 322 478 416 ἀγουσι
496 326 623 415 σχολήν.
657 328 819 408 πολλάκις
837 329 872 396 δέ
884 329 1082 419 ,καδμεεαξδ
1099 335 1159 399 τοῦ
1172 350 1233 420 φο,

205 433 353 520 λοσόφοα
371 458 405 498 τι
423 431 600 512 διεξιόντος
616 426 637 518 ἦ
656 425 743 519 ἅβρα
758 433 995 520 προσελθοῦσα
1014 427 1114 518 ὤρεξε
1135 429 1232 516 παρὰ

205 541 266 604 τοό
284 539 401 620 μοιχοῦ
418 534 637 623 γραμμάτιον,
663 533 698 599 οἱ
717 534 753 599 δέ
773 536 852 620 περί
875 533 1089 622 σωφροσόνης
1110 531 1232 601 ἐκεῖνοι

206 638 300 726 λόγοι
321 636 436 705 ἑστᾶσι
457 640 697 723 περιμένοντες,
716 631 789 717 ζ’έσά
808 632 848 702 ἀν
870 633 972 723 ἐκείνη
995 631 1233 721 ἀντιγράψασα

155 764 188 814 ει
205 747 252 830 τῷ
273 745 380 827 μοιχῷ
402 737 617 828 ἐπαναδράμῃ
639 736 726 824 πρὸς
750 735 808 825 τὴν
830 734 999 823 ἀκρόασιν.
1035 735 1171 807 ἐπειδὰν
1194 737 1231 805 δέ

205 868 289 912 ποτε
317 841 373 911 διδι
398 848 524 930 μακροῦ
549 848 609 908 τοῦ
633 840 751 929 χρόνον
774 846 921 928 Κρονίων
946 836 967 928 ἢ
989 845 1232 927 Παναθηναίων

206 944 411 1015 ἐπιστάντων
428 950 601 1033 πέμπηταί
617 948 650 1009 τί
668 967 722 1011 σοι
739 942 945 1032 ἐφεστρίδιον
963 941 1084 1009 ἀθλίαν
1098 939 1234 1029 ἢχιτιό-

205 1074 275 1116 νιον
291 1044 498 1136 ὑπόσαθρον,
522 1045 668 1113 ἐνταῦθα
684 1046 830 1130 μάλιστα
846 1045 969 1132 πολλὴν
990 1046 1113 1113 δεῖκαὶ
1129 1044 1234 1131 μεγά-

205 1152 263 1238 λην
278 1155 436 1236 γενέσθαι
453 1149 510 1236 τὴν
528 1149 680 1236 πομπήν·
706 1151 762 1215 καλ
784 1145 802 1215 ό
824 1149 882 1232 μὲν
904 1153 1037 1233 πρῶτος
1062 1143 1166 1226 εὐθὺς
1181 1146 1233 1217 ’ἑτι

206 1256 425 1335 σκεπτομένου
447 1251 661 1339 παρακούσας
682 1258 741 1317 τοῦ
765 1251 929 1319 δεσπότου
952 1246 1155 1338 προδραμὼν
1174 1251 1236 1319 καλ

204 1354 417 1440 προμηνύσας
441 1348 619 1440 ἀπέρχεται
640 1350 766 1435 μισθὸν
788 1349 846 1418 οάκ
868 1348 976 1437 ἀλίγον
996 1358 1054 1438 τῆς
1080 1347 1235 1439 ἀγγελίας

205 1452 392 1545 προλαβὼν,
413 1452 519 1520 ἕωθεν
529 1453 566 1521 δέ
579 1455 805 1540 τρεισκαίδεκα
818 1450 932 1541 ἥκουσι
944 1454 1136 1536 κομίζοντες,
1157 1452 1235 1519 έκα-
1301 1532 1306 1537 ¹

205 1581 283 1636 στος
299 1553 346 1635 ιδς
363 1552 472 1622 πολλὰ
490 1552 564 1622 εἶπε
580 1558 637 1622 καλ
655 1553 701 1635 τός
717 1552 883 1642 ὑπέμνησε
900 1558 956 1622 καλ
973 1552 1018 1634 ὥς
1037 1555 1235 1642 ἐπιτραπεὶς

203 1658 242 1727 τὸ
259 1659 391 1724 κάλλιον
410 1656 585 1738 ἐπελέξατο
604 1658 742 1738 διεξιών.
779 1653 923 1738 ἅπαντες
941 1655 972 1724 δ’
984 1648 1041 1725 οὖν
1058 1653 1235 1724 ἀπαλλάτ-

203 1786 314 1841 τονται
323 1761 477 1845 λαβόντες
485 1787 518 1828 τι
527 1762 580 1827 καλ
589 1761 835 1846 βρενθυόμενοι,
855 1757 908 1827 ὅτι
920 1758 965 1848 μὴ
979 1762 1084 1827 πλείω
1095 1757 1232 1849 ἐ’δωκας,

154 1882 186 1935 ³8
205 1859 222 1930 δ
244 1864 304 1948 μὲν
325 1861 387 1951 γὰρ
408 1860 536 1947 μισθὸς
558 1859 658 1939 αάτὸς
678 1860 761 1928 κατὰ
788 1859 839 1929 δύ’
860 1860 997 1947 ὀβολοὺς
1017 1858 1040 1948 ἢ
1059 1866 1230 1948 τέτταρας,

204 1968 260 2032 καὶ
275 1963 378 2051 βαρὺς
397 1964 497 2031 αλτιῦν
516 1962 555 2032 σὺ
569 1965 624 2031 καλ
638 1960 773 2052 ὀχληρὸς
790 1956 906 2042 δοκεῖς.
932 1962 985 2030 λ’να
1004 1960 1035 2029 δ’
1047 1953 1103 2029 οάν
1116 1962 1231 2051 λάβῃς,

205 2069 414 2148 κολακευτέος
430 2068 489 2151 μὲν
502 2063 602 2146 αάτὸς
614 2069 670 2133 καὶ
682 2067 868 2146 ἱκετευτέος,
887 2060 1113 2153 θεραπευτέος
1126 2065 1163 2132 δέ
1174 2066 1233 2133 καλ

205 2167 223 2237 δ
243 2170 423 2253 οἰκονόμος,
444 2160 540 2247 οὗτος
556 2170 614 2245 μὲν
631 2172 687 2235 καὶ
700 2164 797 2236 ἀλλον
811 2174 996 2256 θεραπείας
1012 2168 1152 2256 τρόπον·
1171 2162 1234 2235 οάκ

206 2268 383 2357 ἀμελητέος
406 2272 441 2337 δὲ
464 2267 540 2338 οόδὲ
563 2267 581 2337 δ
605 2271 790 2355 σύμβουλος
815 2273 870 2337 καὶ
884 2262 998 2359 Ιφίλος.
1034 2273 1088 2339 καί
1110 2267 1150 2336 τὸ
1172 2270 1233 2357 λη-

205 2373 294 2460 φθέν
311 2369 372 2459 ἤδη
390 2373 618 2459 προωφείλετο
637 2373 887 2460 ἱματιοκαπήλῳ
909 2369 930 2460 ἢ
950 2372 1052 2461 ἰατρῷ
1075 2368 1096 2460 ἢ
1114 2396 1232 2439 σκυτο-

142 2474 185 2546 ἐε
203 2474 294 2560 τόμφ
313 2481 387 2541 τινί.
423 2471 537 2563 ἀδωρα
556 2466 612 2541 οὖν
631 2500 686 2543 σοι
702 2473 744 2541 τὰ
762 2476 853 2563 δῶρα
869 2478 925 2541 καὶ
943 2472 1093 2560 ἀνόνητα.
1125 2472 1235 2553 πολὺς

205 2577 240 2657 δὲ
258 2573 276 2644 ό
296 2579 426 2665 φθόνος
443 2582 498 2642 καί
515 2601 580 2643 που
598 2579 654 2643 καὶ
672 2577 809 2665 διαβολή
827 2603 878 2656 τις
895 2573 999 2664 ἠρέμα
1012 2573 1234 2656 ὑπεξανίστα-

202 2703 258 2745 ται
275 2676 360 2764 πρὸς
383 2675 486 2766 ἀνδρα
508 2674 569 2767 ἤδη
591 2676 669 2757 τοὺς
690 2677 773 2746 κατὰ
796 2685 856 2746 σοῦ
878 2680 995 2765 λόγους
1015 2673 1120 2765 ἡδέως
1143 2676 1234 2745 ένδε·

200 2781 352 2866 χόμενον’
379 2778 441 2869 δρᾷ
462 2781 523 2870 γὰρ
547 2779 608 2868 ἤδη
636 2782 674 2848 σε
699 2781 758 2864 μέν
778 2777 845 2847 ἀπὸ
867 2786 933 2847 τῶν
955 2787 1096 2863 συνεχῶν
1117 2780 1235 2848 πόνων

203 2882 476 2969 ἐκτετρυχωμένον
501 2886 555 2949 καλ
582 2880 668 2970 πρὸς
692 2880 751 2970 τὴν
776 2888 962 2969 θεραπείαν
989 2883 1148 2963 σκάζοντα
1173 2885 1235 2949 καλ

204 2981 426 3071 ἀπηυδηκότα,
444 2982 502 3070 τὴν
510 2984 680 3073 ποδάγραν
695 2986 730 3051 δὲ
739 2981 955 3053 ὑπανιοῦσαν·
974 2979 1060 3063 όλιος
1071 2981 1134 3070 γὰρ
1145 2978 1235 3073 ὅπερ

203 3076 242 3174 ἦν
259 3085 503 3168 νοστιμώτατον
522 3085 554 3153 ἓν
572 3090 627 3154 σοὶ
644 3084 917 3171 ἀπανθισάμενος
933 3084 1044 3153 καὶτὸ
1069 3086 1234 3173 ἐγκαρπό-

201 3212 299 3255 τατον
316 3193 373 3275 τῆς
390 3183 517 3275 ἡλικίας
533 3186 587 3255 καὶ
604 3187 643 3256 τὸ
663 3186 883 3273 ἀκμαιότατον
900 3195 960 3256 τοῦ
983 3188 1137 3273 σώματος
1154 3185 1235 3256 ἐπι-

200 3296 324 3379 τρίψας
341 3292 397 3356 καὶ
414 3290 512 3379 ῥάκος
530 3314 567 3358 σε
589 3292 785 3374 πολυσχιδὲς
807 3289 1027 3379 ἐργασάμενος
1048 3287 1109 3379 ἤδη
1126 3314 1235 3379 περι-

200 3394 329 3477 βλέπει,
358 3393 395 3460 σέ
412 3392 471 3476 μέν
489 3390 524 3459 σί
542 3399 600 3480 τῆς
621 3393 746 3479 κόπρου
770 3391 955 3481 ἀπορρίψει
978 3398 1102 3482 φέρων,
1131 3388 1236 3461 ἀλλον

201 3496 238 3563 δέ
255 3490 349 3575 ὅπως
365 3501 430 3562 τιῦν
449 3496 633 3579 δυναμένων
650 3494 727 3573 τοὺς
748 3495 872 3575 πόνους
890 3508 1060 3584 καρτερεῖν
1081 3496 1234 3584 προσλή-

198 3609 316 3685 ψεται,
345 3600 402 3664 καὶ
421 3595 497 3684 ἤτοι
517 3598 687 3685 μειράκιον
710 3594 810 3664 αάτοῦ
834 3595 887 3666 ὅτι
909 3597 1088 3686 ἐπείρασας
1109 3598 1186 3665 τότε
1207 3594 1234 3685 ἢ

199 3707 258 3787 τῆς
274 3697 424 3788 γυναικὸς
442 3695 545 3787 ἅβραν
563 3705 732 3789 παρθένον
749 3704 850 3790 γέρων
874 3695 953 3790 ἀνὴρ
977 3702 1190 3790 διαφθείρεις
1206 3696 1234 3788 ἢ

201 3799 282 3869 ἀλλο
299 3829 333 3870 τι
349 3808 500 3869 τοιοῦτον
518 3800 712 3890 ἐπικληθεὶς
727 3802 851 3888 νύκτωρ
875 3801 1147 3889 ἐγκεκαλυμμένος
1168 3801 1235 3895 ἐπὶ

199 3907 357 3993 τράχηλον
376 3902 501 3983 ὠσθεὶς
523 3903 722 3991 ἐξελήλυθας
744 3905 863 3994 έρημος
885 3901 1041 3974 ἀπάντων
1062 3908 1118 3972 καλ
1140 3899 1237 3972 ἀπο-

202 4031 258 4097 ρος
274 4005 331 4093 τὴν
348 4010 516 4095 βελτίστην
532 4008 703 4094 ποδάγραν
722 4005 812 4096 αάτῷ
831 4010 915 4097 γήρᾳ
932 4007 1149 4099 παραλαβὼν,
1173 4011 1238 4078 κοιλ
