2740 4648
252 255 315 323 266
591 332 597 345 ,
635 265 884 323 εοκΚῑΑαον
1070 332 1071 335 χ

245 377 308 448 καὶ
325 370 609 461 ἐπιβουλεύουσιν,
633 372 667 439 εί
680 397 732 451 τις
749 368 900 450 ἀποστὰς
921 367 1064 458 ἀκριβῶς
1084 397 1268 463 κατανενυη.

201 501 236 552 ιε
253 475 319 558 κῶς
337 473 456 556 σάτοῦς
478 471 717 562 ἐκτραγῳδήσει
738 476 795 540 καί
816 470 903 561 πρὸς
919 470 1063 554 πολλοὺς
1084 471 1159 567 ἐρεῖ.
1192 476 1267 561 βοά-

251 584 353 666 λομαι
371 576 402 647 δ’
419 573 509 664 ὅμως
526 576 627 664 ’έγωγε
644 570 757 668 ῶσπερ
777 572 795 645 ό
812 582 919 666 Κέβης
936 575 1056 656 ἐκεῖνος
1077 575 1185 645 εἰκόνα
1199 575 1269 647 τινὰ

213 717 217 727 ·
251 688 310 751 τοῦ
326 680 480 749 τοιοῦτον
498 684 575 765 βίου
594 702 649 746 σοι
665 678 810 768 γράψαι,
835 674 929 759 ὅπως
946 676 980 758 ἐς
995 678 1115 766 ταύτην
1132 674 1268 765 ἀποβλέ-

251 809 324 854 πων
342 783 432 872 εἰδῇς
448 781 482 849 εἰ’
497 804 552 849 σοι
569 785 765 868 παριτητέον
783 778 871 849 ἐστίν
888 781 936 861 εἰς
953 777 1063 869 αάτῆν.
1097 776 1201 869 ῆδέως
1216 780 1269 866 μὲν

253 877 309 954 οάν
321 882 475 955 Ἀπελλοῦ
491 908 580 963 τινος
591 879 613 970 ῆ
624 887 816 969 Παρρασίου
829 878 1026 970 ῆάίετίωνος
1038 877 1061 972 ῆ
1072 884 1129 949 καὶ
1139 877 1270 972 Εὗφρά-
1296 916 1305 943 ι

251 1012 347 1075 νορος
368 984 408 1054 ἀν
431 984 571 1076 ἐδεήθην
593 983 651 1053 ἐπὶ
670 983 728 1072 τῆν
748 984 892 1073 γραφήν·
918 983 993 1053 ἐπεί
1015 985 1053 1054 δέ
1074 979 1203 1075 δίπορον
1218 988 1269 1051 νῦν

252 1087 356 1179 εῦρεῖν
373 1114 447 1158 τινα
465 1083 551 1155 οῦτω
568 1098 714 1174 γενναῖον
731 1088 787 1154 καί
803 1084 921 1175 ἀκριβῆ
941 1085 1000 1175 τῆν
1021 1092 1150 1176 τέχνην,
1175 1083 1269 1175 ψιλῆι

253 1189 299 1272 ῶς
316 1189 387 1260 οίόν
409 1196 446 1257 τέ
466 1215 522 1258 σοι
545 1187 699 1271 ἐπιδείξω
720 1186 778 1276 τῆν
800 1189 920 1257 εἰκόνα.
954 1191 1010 1256 καὶ
1032 1187 1073 1278 δὴ
1095 1188 1269 1279 γεγράφθαι

251 1294 446 1382 προπύλαια
462 1294 521 1376 μὲν
538 1288 652 1380 ῦψηλὰ
663 1294 725 1358 καί
742 1290 903 1380 ἐπίχρυσα
919 1293 975 1359 καί
986 1289 1031 1381 μῆ
1045 1279 1138 1360 κάτω
1153 1289 1209 1360 ἐπὶ
1218 1293 1271 1357 τοῦ

252 1395 406 1484 ἐδάφους,
426 1391 494 1462 ἀλλ’
506 1390 573 1462 ἀνω
590 1400 649 1482 τῆς
665 1399 724 1482 γῆς
741 1392 797 1462 ἐπὶ
815 1393 922 1485 λόφον
939 1399 1082 1480 κείμενα,
1100 1394 1157 1462 καί
1170 1387 1190 1482 ῆ
1203 1386 1272 1459 ἀνο-

253 1500 311 1577 δος
329 1496 387 1565 ἐπὶ
404 1494 489 1565 πολὺ
508 1499 564 1564 καί
581 1492 719 1583 ἀνάντης
735 1498 791 1563 καί
809 1493 949 1565 ἀλισθον
971 1495 1106 1581 έχουσα,
1136 1489 1183 1575 ῶς
1198 1493 1274 1562 πολ-

251 1598 329 1680 λοῦς
355 1599 515 1679 πολλάκις
528 1595 598 1687 ῆδη
620 1596 706 1687 πρὸς
730 1605 778 1686 τῷ
805 1595 893 1688 άκρῳ
916 1598 1058 1690 ἐσεσθαι
1083 1596 1273 1674 ἐλπίσαντας

253 1699 548 1791 ἐκτραχηλισθῆναι
573 1699 814 1788 διαμαρτόντος
835 1706 901 1788 τοῦ
921 1694 1044 1781 ποδός·
1076 1700 1171 1769 ἐ’νδον
1200 1692 1272 1768 δέδ

250 1807 401 1883 Πλοῦτος
418 1799 518 1883 αῦτδς
534 1803 703 1890 καθήσθω
718 1808 858 1889 χρυσοῦς
876 1797 966 1884 ὅλος,
995 1798 1043 1882 ῶς
1062 1802 1168 1882 δοκεῖ,
1194 1798 1272 1869 πάνυ

163 1928 165 1932 ·
251 1901 417 1997 εόμορφος
433 1909 489 1973 καλ
507 1903 696 1994 ἐπέραστος,
717 1900 735 1971 ό
753 1900 786 1971 δ’
798 1902 934 1993 ἐραστὴς
950 1903 1051 1992 μόγις
1063 1900 1216 1972 ἀνελθὼν
1226 1901 1274 1968 καί

251 2009 441 2098 πλησιάσας
466 2013 506 2096 τῆ
531 2007 623 2096 θόρρι
647 2012 824 2094 τεθηπέτω
851 2003 987 2096 ἀφορῶν
1014 2004 1050 2087 ἐς
1072 2004 1113 2076 τδ
1134 2008 1273 2097 χρυσίον·

250 2103 493 2201 παραλαβοῦσα
515 2105 547 2176 δ’
562 2106 660 2177 αὐτὸν
681 2105 840 2196 ῆἜλπὶς,
867 2106 1094 2197 εῦπρόσωπος
1118 2111 1177 2177 καί
1202 2100 1273 2192 aba)

250 2215 307 2294 καὶ
316 2215 452 2280 ποικίλα
463 2208 680 2298 ἀμπεχομένη,
700 2210 858 2299 εἰσαγέτω
868 2211 1000 2299 σφόδρα
1014 2209 1273 2300 ἐκπεπληγμένοι

249 2321 289 2403 τῇ
308 2313 440 2401 εἰσόδῳ.
474 2310 669 2383 τοῦντεῦθεν
687 2313 724 2380 δέ
740 2309 760 2403 ῆ
778 2314 837 2398 μὲν
850 2310 961 2394 Ἐλπίς
978 2310 1032 2381 ἀεὶ
1050 2317 1273 2404 προηγείσθα,

250 2414 481 2500 διαδεξάμεναι
495 2411 527 2481 δ’
539 2412 637 2483 αῦτὸν
646 2410 744 2482 ἀλλαι
752 2427 907 2503 γυναῖκες,
922 2412 1048 2505 ἀπάτη
1062 2416 1274 2493 καλΔουλεία

249 2519 495 2607 παραδότωσαν
515 2525 563 2606 τῳ
585 2519 697 2606 Πόνῳ,
726 2514 744 2586 ό
768 2520 805 2586 δέ
825 2515 934 2586 πολλὰ
953 2515 1012 2586 τὸν
1035 2515 1165 2588 ἀθλιον
1185 2539 1275 2585 κατα-

203 2703 206 2708 ,
248 2622 416 2707 γυμνάσας
432 2624 589 2688 τελευταῖν
606 2619 816 2710 ἐγχειρισάτω
834 2617 933 2689 αῦτὸν
948 2625 996 2708 τῷ
1008 2620 1108 2711 Ρῆρῳ
1119 2618 1185 2712 ῆδη
1201 2613 1277 2688 ἀπο-

248 2729 407 2792 νοσοῦντα
424 2725 480 2790 καί
496 2728 714 2811 τετραμμένον
730 2721 788 2811 τὴν
805 2723 920 2810 χρόαν·
941 2720 1067 2813 ῦστάτη
1089 2725 1128 2792 δὲ
1144 2718 1277 2812 ῆῖβριε

249 2825 468 2914 ἐπιλαβομένη
487 2831 611 2910 συρέτω
630 2825 716 2913 πρὸς
732 2823 787 2913 τῆν
797 2822 1010 2913 Ἀπόγνωσιν·
1028 2823 1050 2916 ῆ
1071 2822 1105 2894 δ’
1118 2818 1276 2905 Ἐλπὶςτδ

249 2925 318 2994 ἀπὸ
337 2928 456 2994 τοῦτον
472 2923 600 3015 ἀφανὴς
613 2924 834 3009 ἀποπτέσθω,
852 2930 909 2995 καί
920 2931 1035 3015 μηκέτι
1047 2924 1133 2997 καθ’
1144 2927 1205 3009 οὓς
1216 2923 1278 2995 εἰο-

247 3032 333 3116 ῆλθε
350 3027 429 3109 τοὺς
444 3034 584 3113 χρυσοῦς
602 3035 765 3117 θυρῶνας,
785 3029 819 3096 ’έκ
834 3054 923 3111 τινος
940 3026 971 3096 δ’
982 3026 1214 3121 ἀποστρόφου
1230 3026 1279 3095 καλ

248 3134 427 3219 λεληθυίας
449 3130 563 3213 ἐξόδου
587 3130 787 3212 ἐξωθείσθω
808 3132 928 3219 γυμνὸς
948 3133 1158 3221 προγάστωρ
1181 3125 1279 3220 ῶχρδς

247 3240 358 3322 γέρων,
378 3241 417 3323 τῆ
436 3233 530 3323 ἑτέρᾳ
546 3233 605 3318 μέν
621 3232 685 3323 ,τῆν’
698 3235 782 3302 αἰδῶ
801 3241 939 3316 σκέπων,
957 3240 999 3324 τῇ
1014 3235 1118 3326 δεξιᾷ
1137 3236 1177 3304 δέ
1189 3229 1280 3309 αότδς

248 3336 364 3405 ἐαυτὸν
374 3333 495 3423 άγχων·
514 3332 692 3405 ἀπαντάτω
708 3335 739 3405 δ’
751 3336 869 3418 ἐξιόντι
881 3334 901 3426 ῆ
911 3336 1083 3405 Μετάνοια
1094 3337 1279 3427 δακρύουσα

249 3440 296 3520 εἰς
314 3436 408 3517 οῦδὲν
430 3434 551 3529 δφελος
572 3442 626 3506 καί
647 3438 706 3507 τὸν
726 3437 848 3507 ἀθλιον
871 3438 1151 3511 ἐπαπολλύουσα.
1187 3443 1279 3507 τοῦτο

247 3543 307 3628 μὲν
325 3541 408 3609 ἐ’στω
426 3540 464 3608 τὸ
481 3544 574 3620 τέλος
590 3546 648 3628 τῆς
665 3547 803 3630 γραφῆς.
838 3539 880 3609 σὺ
899 3537 932 3609 δ’
948 3531 1013 3620 οάν,
1037 3531 1069 3607 ὦ
1090 3538 1213 3632 ἄριστε
1231 3546 1280 3609 Tv-

247 3643 392 3730 μόκλεις,
412 3640 512 3723 αὐτὸς
528 3639 590 3732 ῆδη
608 3639 753 3732 ἀκριβῶς
770 3642 963 3712 ἐπισκοπῶν
981 3641 1111 3712 ἕκαστα
1130 3643 1280 3731 ἐννόησον

249 3747 283 3814 εί
297 3758 352 3814 σοι
368 3748 476 3825 καλῶς
493 3744 559 3828 ἔχει
576 3744 809 3834 προσελθόντα
831 3744 866 3827 ἐς
880 3745 940 3834 τὴν
961 3744 1076 3813 εἰκόνα
1098 3745 1190 3815 κατὰ
1207 3740 1282 3815 τεό-
1335 3782 1336 3817 τ

247 3875 308 3929 τας
327 3844 388 3929 τὰς
408 3848 517 3936 θόρας
538 3842 607 3914 κατ’
623 3844 743 3934 ἐκείνην
763 3846 821 3936 τῆν
843 3847 985 3934 ἔμπαλιν
1006 3846 1164 3937 αἰσχρῶς
1182 3843 1281 3924 οῦτως

248 3949 408 4019 ἐκπεσεῖν.
448 3944 469 4017 ό
488 3975 523 4017 τι
544 3945 575 4019 δ’
591 3944 632 4018 ἀν
652 3949 813 4040 πράττης,
840 3954 985 4039 μέμνησο
1006 3956 1069 4018 τοῦ
1095 3957 1213 4043 σοφοῦ
1233 3949 1282 4017 ἰλ-
1334 3960 1335 3963 ’

248 4070 369 4136 γοντος,
389 4047 435 4131 ῶς
452 4050 533 4132 θεὸς
551 4047 705 4134 ἀναίτιος,
726 4053 816 4121 αἰτία
834 4055 870 4123 δέ
888 4052 1053 4140 ἑλομένου.
