2724 4634
231 236 294 304 102
613 238 871 296 ΔΟΥΚΙΑΝΟΥ

194 375 210 425 2
253 364 367 423 ‘1102
404 344 485 417 Οἶδα
503 342 560 414 οῦκ
578 340 746 434 ἀμορφον,
771 333 954 431 ὦῖίλφειέ,
977 340 1035 432 τὴν
1047 337 1260 430 Ἀρέθουσαν,

229 451 314 523 ἀλλὰ
332 450 467 539 διαυγής
483 454 521 519 τέ
538 446 609 517 ἔστι
625 449 681 514 καὶ
699 443 756 514 διὰ
776 451 928 534 καθαροῦ
951 442 1124 530 ἀναβλύζει
1144 446 1201 512 καί
1221 442 1262 515 τὸ

228 551 318 644 ῦδωρ
342 553 524 642 ἐπιπρέπει
545 563 619 631 ταῖς
640 561 787 639 ψηφῖσιν
809 544 885 616 ῦλον
906 544 989 636 ῦπὲρ
1013 544 1121 617 αῦτυῦν
1142 546 1266 636 φαινό·

202 698 208 711 f
228 681 326 744 μενον
344 652 563 748 ἀργυροειδές.

280 766 368 825 ΑΔΦ.
399 754 448 838 Ὦς
460 754 599 843 ἀληθῶς
612 751 718 823 οἶσθα
729 751 787 843 τὴν
799 750 919 842 πηγὴν,
939 741 969 819 οἷ
980 750 1157 823 Πόσειδον·
1179 747 1262 842 παρ’
1324 822 1330 831 ,

228 862 352 950 ἐκείνην
370 851 428 928 οῦν
446 856 644 948 ἀπέρχομαι.

280 972 368 1029 ΠΟΣ.
389 958 481 1032 ’Ἀλλ’
497 957 604 1029 ἀπιθι
619 960 678 1045 μέν
696 961 751 1027 καί
769 956 895 1043 εάτόχει
913 956 946 1025 έν
962 963 1010 1045 τῷ
1029 955 1141 1046 έρωτι·
1159 953 1265 1024 ἐκεῖνο

231 1068 269 1135 δέ
283 1090 344 1152 μοι
361 1064 449 1147 εἰπέ,
476 1069 544 1131 ποῦ
561 1059 618 1151 τὴν
633 1058 834 1152 Ἀρέθουσαν
855 1057 941 1139 εἶδες
962 1055 1062 1140 αὐτὸς
1077 1059 1137 1144 μέν
1149 1054 1266 1148 Ἀρκὰς

231 1166 291 1251 τόν,
309 1164 330 1255 ἡ
350 1168 386 1235 δέ
404 1165 437 1235 ἀν
454 1164 681 1254 Συρακούσαις
699 1162 804 1247 έστίν,·

281 1276 369 1333 ΑΔΦ.
400 1265 629 1356 Ἐπειγόμενόν
645 1291 686 1351 με
699 1270 857 1349 κατέχεις,
878 1254 1086 1346 ιῦΠόσειδον,
1105 1267 1266 1350 περίεργα

232 1369 372 1457 ἀρωτιῦν.
1185 1418 1188 1421 -

282 1479 369 1535 1102.
412 1462 462 1539 Εῦ
484 1473 603 1559 λέγεις·
630 1471 732 1559 ’χώρει
753 1467 847 1559 παρὰ
867 1467 926 1557 τὴν
948 1465 1180 1556 ἀγαπωμένην,
1206 1470 1266 1534 καλ

234 1572 356 1654 ἀναδὺς
374 1570 443 1641 ἀπὸ
460 1580 519 1661 τῆς
535 1574 706 1661 θαλάττης
724 1576 980 1658 συναναμίγνυσο
997 1576 1037 1660 τῇ
1059 1575 1148 1659 πηγῇ
1161 1571 1219 1637 καί
1231 1571 1266 1638 ἓν

231 1672 503 1764 ῦδωργίγνεσθε.

729 1841 756 1897 4.

468 1954 705 2012 ΜΕΝΕΛΑΟΥ
725 1954 800 2009 ΚΑΙ
821 1952 1029 2010 ΠΡΩΤΕΩΣ.

200 2105 213 2153 1
273 2094 373 2153 ΜΕΝ.
403 2078 482 2155 Ἀλλ’
505 2079 595 2169 ῦδωρ
616 2088 676 2170 μέν
699 2107 736 2151 σε
762 2089 949 2171 γίγνεσθαι,
981 2073 1177 2172 ὦΠρωτεῦ,
1206 2076 1267 2149 οῦκ

233 2183 415 2266 ἀπίθανον,
444 2182 572 2252 έυάλιόυ
593 2210 630 2271 γε
653 2181 744 2267 ὄντα,
776 2189 832 2252 καὶ
854 2185 999 2273 δένδρον,
1032 2184 1082 2252 έτι
1109 2181 1263 2273 φορητὸν,

103 2327 108 2331 -
157 2324 160 2330 ·
232 2289 288 2352 καὶ
306 2283 339 2364 ές
356 2287 471 2352 λέοντα
489 2285 525 2352 δέ
543 2283 646 2354 ὁπότε
664 2285 849 2375 ἀλλαγείης,
879 2282 970 2370 ὅμως
987 2282 1064 2353 οῦδὲ
1084 2292 1183 2353 τοῦτο
1202 2283 1265 2366 ἔξω

232 2392 392 2466 πίστεως·
424 2385 454 2453 εί
474 2387 513 2454 δέ
534 2390 590 2455 καί
611 2395 677 2478 πῦρ
699 2394 874 2478 γίγνεσθαι
896 2386 1032 2456 δυνατὸν
1054 2386 1087 2456 έν
1112 2385 1265 2476 θαλάττῃ

234 2488 397 2571 οἰκοῦντα,
417 2488 619 2558 τοῦτοπάνυ
637 2489 803 2574 θαυμάζω
821 2491 876 2556 καί
895 2487 1039 2558 ἀπιστῶ.

284 2598 393 2655 ΠΡΩΤ.
429 2589 482 2678 Μὴ
499 2591 693 2681 θαυμάσῃς,
714 2582 742 2657 ὦ
759 2594 917 2660 Μενέλαε·
935 2597 1087 2680 γίγνομαι
1103 2590 1176 2678 γάρ.

283 2699 374 2755 ΜΕΝ.
407 2689 510 2761 Εἶδον
527 2695 584 2761 καὶ
600 2691 716 2774 αὐτός·
739 2688 822 2760 ἀλλά
839 2719 899 2778 μοι
917 2696 1079 2776 δοκεῖς-
1097 2692 1266 2781 εἰρήσεται

231 2792 294 2883 γὰρ
316 2791 402 2882 πρὸς
423 2799 520 2862 σέ-
541 2793 787 2883 γοητείαντινά
812 2796 994 2883 προσάγειν
1018 2802 1066 2884 τηῦ
1093 2795 1267 2884 πράγματι

232 2894 381 2976 καὶτοὺς
399 2892 599 2984 ὀφθαλμοὺς
615 2896 782 2978 ἐξαπατᾶν
799 2905 866 2969 τῶν
884 2895 1036 2987 δρώντων
1054 2894 1153 2979 αότὸς
1170 2893 1267 2965 οῦδὲν

224 3003 385 3067 τοιοῦτον·
399 3003 596 3089 γιγνόμενος.

198 3121 214 3169 ν
285 3109 392 3167 m’szT.
427 3102 493 3167 Καὶ
514 3105 565 3180 τίς
587 3095 627 3168 ἀν
648 3096 668 3190 ᾗ
692 3096 804 3189 ἀπάτη
827 3100 885 3171 έπλ
905 3108 971 3170 τιῦν
994 3096 1099 3182 οῦτως
1121 3098 1265 3188 ἐναργῶν

231 3205 375 3288 γένοιτος
402 3197 460 3273 οῦκ
482 3199 698 3290 ἀνεῳγμένοις
718 3215 789 3285 τοῖς
812 3200 1006 3293 ὀφθαλμοῖς
1027 3201 1112 3283 είδες
1134 3203 1182 3283 είς
1200 3199 1268 3272 ὅσα

230 3307 437 3393 μετεποίησα
455 3302 612 3389 έμαυτόν,·
631 3303 662 3372 εί
679 3306 716 3373 δέ
733 3302 887 3387 ἀπιστεῖς
903 3310 959 3374 καλ
975 3305 1015 3375 τὸ
1029 3312 1167 3394 πρᾶγμα
1179 3317 1268 3393 wav-
1342 3374 1343 3385 ,

233 3405 287 3485 δίς
304 3401 388 3473 εἶναι
406 3406 498 3481 δοκεῖ
500 3459 510 3490 ,
537 3412 705 3496 φαντασία
721 3433 773 3488 τις
789 3406 858 3495 πρὸ
878 3415 946 3476 τῶν
963 3405 1151 3498 ὀφθαλμῶν
1171 3406 1267 3481 ἱστα·

230 3510 324 3595 μόνη,
347 3506 483 3578 έπειδάν
500 3516 568 3597 πῦρ
585 3513 742 3596 γένωμαι,
766 3515 961 3600 προσένεγκέ
975 3536 1050 3597 μοι,
1074 3500 1102 3577 ὦ
1118 3511 1267 3599 γενναιό·

231 3634 323 3691 τατε,
343 3607 402 3699 τὴν
416 3624 527 3699 χεῖρα·
546 3611 617 3701 είση
635 3609 697 3698 γὰρ
711 3611 742 3680 εί
755 3607 886 3704 ὃριῦμαι
902 3612 1002 3699 μόνον
1014 3609 1037 3701 ἢ
1048 3615 1105 3683 καὶ
1120 3611 1159 3685 τὸ
1172 3612 1267 3687 κάειν

231 3710 308 3778 τότε
324 3736 383 3796 μοι
401 3713 589 3802 πρόσεστιν.

282 3820 374 3878 ΜΕΝ.
413 3813 476 3884 Οῦκ
494 3812 646 3906 ἀσφαλὴς
662 3812 683 3905 ἦ
700 3829 816 3908 πεῖρα,
835 3807 864 3887 ὦ
880 3824 1029 3908 Πρωτεῦ,

284 3922 391 3980 ΠΡΩΤ.
426 3915 473 3989 Σὺ
493 3918 530 3985 δέ
543 3943 618 4004 μοι,
643 3909 671 3987 ὦ
688 3921 845 4004 Μενέλαε,
868 3921 976 4001 δοκεῖς
994 3917 1072 3992 οῦδλ
1089 3921 1264 3993 πολύπουν

233 4012 401 4106 ἑορακέναι
418 4019 558 4088 πώποτε
577 4017 649 4089 οὔδ’
664 4019 683 4089 ὃ
701 4021 823 4107 πάσχει
841 4017 859 4090 δ
879 4019 977 4108 ἰχθὺς
994 4013 1091 4105 οὗτος
1107 4024 1242 4099 εἰδέναι.
