<?xml version="1.0" encoding="UTF-8"?>
<!DOCTYPE html PUBLIC "-//W3C//DTD XHTML 1.0 Transitional//EN"
    "http://www.w3.org/TR/xhtml1/DTD/xhtml1-transitional.dtd">
<html xmlns="http://www.w3.org/1999/xhtml" xml:lang="en" lang="en">
 <head>
  <title>
</title>
<meta http-equiv="Content-Type" content="text/html;charset=utf-8" />
  <meta name='ocr-system' content='tesseract 3.04.00' />
  <meta name='ocr-capabilities' content='ocr_page ocr_carea ocr_par ocr_line ocrx_word'/>
</head>
<body>
  <div class='ocr_page' id='page_1' title='image "./lucianisamosate04dindgoog_0188.png"; bbox 0 0 2752 4632; ppageno 0'>
   <div class='ocr_carea' id='block_1_1' title="bbox 358 221 1144 288">
    <p class='ocr_par' dir='ltr' id='par_1_1' title="bbox 358 221 1144 288">
     <span class='ocr_line' id='line_1_1' title="bbox 358 221 1144 288; baseline 0.011 -9"><span class='ocrx_word' id='word_1_1' title='bbox 358 222 412 280; x_wconf 86' lang='lat' dir='ltr'><strong><em>XI.</em></strong></span> <span class='ocrx_word' id='word_1_2' title='bbox 437 223 788 284; x_wconf 81' lang='grc' dir='ltr'><strong>ΝΕΚΥΟΜΑΝΤΕΙΑ</strong></span> <span class='ocrx_word' id='word_1_3' title='bbox 809 230 894 287; x_wconf 84' lang='grc'><strong>3-5.</strong></span> <span class='ocrx_word' id='word_1_4' title='bbox 1082 221 1144 288; x_wconf 77' lang='grc'><strong><em>161</em></strong></span> 
     </span>
    </p>
   </div>
   <div class='ocr_carea' id='block_1_2' title="bbox 109 323 1144 525">
    <p class='ocr_par' dir='ltr' id='par_1_2' title="bbox 109 323 1144 525">
     <span class='ocr_line' id='line_1_2' title="bbox 109 323 1144 456; baseline 0.009 -58"><span class='ocrx_word' id='word_1_5' title='bbox 109 330 191 456; x_wconf 68' lang='grc' dir='ltr'><strong><em>μητε</em></strong></span> <span class='ocrx_word' id='word_1_6' title='bbox 207 324 379 419; x_wconf 79' lang='grc' dir='ltr'><strong><em>ἀρπαζειν.</em></strong></span> <span class='ocrx_word' id='word_1_7' title='bbox 416 323 653 421; x_wconf 78' lang='grc' dir='ltr'><strong><em>δνμεγάλη</em></strong></span> <span class='ocrx_word' id='word_1_8' title='bbox 613 357 671 401; x_wconf 89' lang='grc' dir='ltr'><strong><em>ουν</em></strong></span> <span class='ocrx_word' id='word_1_9' title='bbox 692 335 923 423; x_wconf 76' lang='grc' dir='ltr'><strong><em>καθειστήκειν</em></strong></span> <span class='ocrx_word' id='word_1_10' title='bbox 945 333 1144 430; x_wconf 76' lang='grc' dir='ltr'><strong><em>ἀμφιβολίᾳ,</em></strong></span> 
     </span>
     <span class='ocr_line' id='line_1_3' title="bbox 110 427 1144 525; baseline 0.011 -26"><span class='ocrx_word' id='word_1_11' title='bbox 110 430 169 501; x_wconf 85' lang='grc' dir='ltr'><strong><em>οάκ</em></strong></span> <span class='ocrx_word' id='word_1_12' title='bbox 184 427 322 513; x_wconf 76' lang='grc' dir='ltr'><strong><em>εἰδῶς“</em></strong></span> <span class='ocrx_word' id='word_1_13' title='bbox 300 458 320 501; x_wconf 94' lang='grc' dir='ltr'><strong><em>ο</em></strong></span> <span class='ocrx_word' id='word_1_14' title='bbox 337 459 372 501; x_wconf 91' lang='grc' dir='ltr'><strong><em>τι</em></strong></span> <span class='ocrx_word' id='word_1_15' title='bbox 387 438 569 523; x_wconf 73' lang='grc' dir='ltr'><em>χρησαίμην</em></span> <span class='ocrx_word' id='word_1_16' title='bbox 583 432 728 523; x_wconf 77' lang='grc' dir='ltr'><strong><em>ἒμαυτῴ·</em></strong></span> <span class='ocrx_word' id='word_1_17' title='bbox 752 433 827 505; x_wconf 87' lang='grc' dir='ltr'><strong><em>ούτε</em></strong></span> <span class='ocrx_word' id='word_1_18' title='bbox 840 436 901 525; x_wconf 84' lang='grc' dir='ltr'><strong><em>γάρ</em></strong></span> <span class='ocrx_word' id='word_1_19' title='bbox 916 435 956 507; x_wconf 86' lang='grc' dir='ltr'><strong><em>ἀν</em></strong></span> <span class='ocrx_word' id='word_1_20' title='bbox 969 467 1053 509; x_wconf 86' lang='grc' dir='ltr'><strong><em>ποτε</em></strong></span> <span class='ocrx_word' id='word_1_21' title='bbox 1065 442 1144 523; x_wconf 86' lang='grc' dir='ltr'><strong><em>τοδς</em></strong></span> 
     </span>
    </p>
   </div>
   <div class='ocr_carea' id='block_1_3' title="bbox 34 632 1229 1346">
    <p class='ocr_par' dir='ltr' id='par_1_3' title="bbox 34 632 1229 1346">
     <span class='ocr_line' id='line_1_4' title="bbox 109 632 1144 729; baseline 0.011 -25"><span class='ocrx_word' id='word_1_22' title='bbox 109 634 194 704; x_wconf 80' lang='grc' dir='ltr'><strong><em>εἰ</em></strong></span> <span class='ocrx_word' id='word_1_23' title='bbox 153 663 200 725; x_wconf 87' lang='grc' dir='ltr'><strong><em>μη</em></strong></span> <span class='ocrx_word' id='word_1_24' title='bbox 219 632 268 718; x_wconf 87' lang='grc' dir='ltr'><strong><em>ῶς</em></strong></span> <span class='ocrx_word' id='word_1_25' title='bbox 282 639 363 727; x_wconf 77' lang='grc' dir='ltr'><strong><em>περὶ</em></strong></span> <span class='ocrx_word' id='word_1_26' title='bbox 379 639 487 707; x_wconf 83' lang='grc' dir='ltr'><strong><em>καλῶν</em></strong></span> <span class='ocrx_word' id='word_1_27' title='bbox 502 639 629 708; x_wconf 87' lang='grc' dir='ltr'><strong><em>τούτων</em></strong></span> <span class='ocrx_word' id='word_1_28' title='bbox 641 639 896 729; x_wconf 42' lang='grc' dir='ltr'><strong><em>δγίγνωσκονᾙ</em></strong></span> <span class='ocrx_word' id='word_1_29' title='bbox 864 641 930 712; x_wconf 91' lang='grc' dir='ltr'><strong><em>ούτ</em></strong></span> <span class='ocrx_word' id='word_1_30' title='bbox 942 642 982 712; x_wconf 82' lang='grc' dir='ltr'><strong><em>διν</em></strong></span> <span class='ocrx_word' id='word_1_31' title='bbox 994 644 1072 726; x_wconf 84' lang='grc' dir='ltr'><strong><em>τοὺς</em></strong></span> <span class='ocrx_word' id='word_1_32' title='bbox 1088 675 1144 716; x_wconf 84' lang='grc' dir='ltr'><strong><em>νο-</em></strong></span> 
     </span>
     <span class='ocr_line' id='line_1_5' title="bbox 34 736 1145 835; baseline 0.009 -29"><span class='ocrx_word' id='word_1_33' title='bbox 34 766 39 771; x_wconf 86' lang='grc'><strong><em>·</em></strong></span> <span class='ocrx_word' id='word_1_34' title='bbox 106 743 259 825; x_wconf 81' lang='grc' dir='ltr'><strong><em>μοθέτας</em></strong></span> <span class='ocrx_word' id='word_1_35' title='bbox 282 736 440 810; x_wconf 86' lang='grc' dir='ltr'><strong><em>τάναντία</em></strong></span> <span class='ocrx_word' id='word_1_36' title='bbox 464 741 595 823; x_wconf 87' lang='grc' dir='ltr'><strong><em>τούτοις</em></strong></span> <span class='ocrx_word' id='word_1_37' title='bbox 620 758 852 834; x_wconf 85' lang='grc' dir='ltr'><strong><em>παραινεῖν,ε</em></strong></span> <span class='ocrx_word' id='word_1_38' title='bbox 836 744 936 835; x_wconf 81' lang='grc' dir='ltr'><strong><em>είμὴ</em></strong></span> <span class='ocrx_word' id='word_1_39' title='bbox 963 748 1145 817; x_wconf 77' lang='grc' dir='ltr'><strong><em>λυσιτελεῖν</em></strong></span> 
     </span>
     <span class='ocr_line' id='line_1_6' title="bbox 107 837 1177 939; baseline 0.01 -30"><span class='ocrx_word' id='word_1_40' title='bbox 107 837 351 929; x_wconf 79' lang='grc' dir='ltr'><strong><em>ἀπελάμβανον.</em></strong></span> <span class='ocrx_word' id='word_1_41' title='bbox 378 841 504 914; x_wconf 79' lang='grc' dir='ltr'><strong><em>δπελδδ</em></strong></span> <span class='ocrx_word' id='word_1_42' title='bbox 487 845 708 935; x_wconf 79' lang='grc' dir='ltr'><strong><em>δδιηπόρουν,</em></strong></span> <span class='ocrx_word' id='word_1_43' title='bbox 724 846 817 929; x_wconf 84' lang='grc' dir='ltr'><strong><em>δοξέ</em></strong></span> <span class='ocrx_word' id='word_1_44' title='bbox 825 872 884 933; x_wconf 90' lang='grc' dir='ltr'><strong><em>μοι</em></strong></span> <span class='ocrx_word' id='word_1_45' title='bbox 893 846 1036 917; x_wconf 75' lang='grc' dir='ltr'><strong><em>ἐλθόντα</em></strong></span> <span class='ocrx_word' id='word_1_46' title='bbox 1049 851 1177 939; x_wconf 80' lang='grc' dir='ltr'><strong><em>παρὰσ</em></strong></span> 
     </span>
     <span class='ocr_line' id='line_1_7' title="bbox 106 941 1144 1039; baseline 0.006 -25"><span class='ocrx_word' id='word_1_47' title='bbox 106 941 183 1028; x_wconf 67' lang='grc' dir='ltr'><strong><em>σούς</em></strong></span> <span class='ocrx_word' id='word_1_48' title='bbox 193 947 417 1031; x_wconf 78' lang='grc' dir='ltr'><strong><em>καλουμένους</em></strong></span> <span class='ocrx_word' id='word_1_49' title='bbox 426 947 566 1029; x_wconf 79' lang='grc' dir='ltr'><strong><em>τούτους</em></strong></span> <span class='ocrx_word' id='word_1_50' title='bbox 578 949 789 1038; x_wconf 83' lang='grc' dir='ltr'><strong><em>φιλοσόφους</em></strong></span> <span class='ocrx_word' id='word_1_51' title='bbox 801 949 980 1039; x_wconf 72' lang='grc' dir='ltr'><strong><em>ἐγχειρίσαι</em></strong></span> <span class='ocrx_word' id='word_1_52' title='bbox 993 977 1029 1019; x_wconf 89' lang='grc' dir='ltr'><strong><em>τε</em></strong></span> <span class='ocrx_word' id='word_1_53' title='bbox 1043 951 1144 1036; x_wconf 74' lang='grc' dir='ltr'><strong><em>ἐμαυ-</em></strong></span> 
     </span>
     <span class='ocr_line' id='line_1_8' title="bbox 106 1044 1145 1142; baseline 0.009 -28"><span class='ocrx_word' id='word_1_54' title='bbox 106 1044 162 1115; x_wconf 85' lang='grc' dir='ltr'><strong><em>τδν</em></strong></span> <span class='ocrx_word' id='word_1_55' title='bbox 178 1049 239 1115; x_wconf 76' lang='grc' dir='ltr'><strong><em>καὶ</em></strong></span> <span class='ocrx_word' id='word_1_56' title='bbox 256 1049 418 1138; x_wconf 78' lang='grc' dir='ltr'><strong><em>δεηθῆναι</em></strong></span> <span class='ocrx_word' id='word_1_57' title='bbox 436 1046 545 1118; x_wconf 89' lang='grc' dir='ltr'><strong><em>αύτῶν</em></strong></span> <span class='ocrx_word' id='word_1_58' title='bbox 559 1057 709 1142; x_wconf 81' lang='grc' dir='ltr'><strong><em>χρῆσθαί</em></strong></span> <span class='ocrx_word' id='word_1_59' title='bbox 724 1078 784 1138; x_wconf 91' lang='grc' dir='ltr'><strong><em>μοι</em></strong></span> <span class='ocrx_word' id='word_1_60' title='bbox 806 1048 827 1120; x_wconf 83' lang='grc' dir='ltr'><strong><em>δ’</em></strong></span> <span class='ocrx_word' id='word_1_61' title='bbox 843 1080 877 1120; x_wconf 92' lang='grc' dir='ltr'><strong><em>τι</em></strong></span> <span class='ocrx_word' id='word_1_62' title='bbox 897 1055 1070 1138; x_wconf 83' lang='grc' dir='ltr'><strong><em>βούλοιντο</em></strong></span> <span class='ocrx_word' id='word_1_63' title='bbox 1087 1061 1145 1124; x_wconf 91' lang='grc' dir='ltr'><strong><em>καί</em></strong></span> 
     </span>
     <span class='ocr_line' id='line_1_9' title="bbox 104 1146 1143 1241; baseline 0.008 -25"><span class='ocrx_word' id='word_1_64' title='bbox 104 1174 177 1217; x_wconf 87' lang='grc' dir='ltr'><strong><em>τινα</em></strong></span> <span class='ocrx_word' id='word_1_65' title='bbox 195 1146 277 1219; x_wconf 87' lang='grc' dir='ltr'><strong><em>δδδν</em></strong></span> <span class='ocrx_word' id='word_1_66' title='bbox 295 1146 404 1239; x_wconf 76' lang='grc' dir='ltr'><strong><em>ἁπλῆν</em></strong></span> <span class='ocrx_word' id='word_1_67' title='bbox 420 1154 475 1220; x_wconf 79' lang='grc' dir='ltr'><strong><em>καὶ</em></strong></span> <span class='ocrx_word' id='word_1_68' title='bbox 491 1158 627 1240; x_wconf 78' lang='grc' dir='ltr'><strong><em>βέβαιον</em></strong></span> <span class='ocrx_word' id='word_1_69' title='bbox 644 1151 821 1237; x_wconf 75' lang='grc' dir='ltr'><strong><em>ἀποδεῖξαι</em></strong></span> <span class='ocrx_word' id='word_1_70' title='bbox 838 1163 898 1224; x_wconf 82' lang='grc' dir='ltr'><strong><em>τοῦ</em></strong></span> <span class='ocrx_word' id='word_1_71' title='bbox 915 1162 1002 1241; x_wconf 86' lang='grc' dir='ltr'><strong><em>βίου.</em></strong></span> <span class='ocrx_word' id='word_1_72' title='bbox 1037 1163 1143 1225; x_wconf 81' lang='grc' dir='ltr'><strong><em>ταῦτα</em></strong></span> 
     </span>
     <span class='ocr_line' id='line_1_10' title="bbox 103 1250 1229 1346; baseline 0.01 -27"><span class='ocrx_word' id='word_1_73' title='bbox 103 1251 162 1336; x_wconf 75' lang='grc' dir='ltr'><strong><em>μὲν</em></strong></span> <span class='ocrx_word' id='word_1_74' title='bbox 180 1250 221 1339; x_wconf 80' lang='grc' dir='ltr'><strong><em>δὴ</em></strong></span> <span class='ocrx_word' id='word_1_75' title='bbox 241 1259 374 1341; x_wconf 90' lang='grc' dir='ltr'><strong><em>φρονῶν</em></strong></span> <span class='ocrx_word' id='word_1_76' title='bbox 391 1255 551 1344; x_wconf 75' lang='grc' dir='ltr'><strong><em>προσῄειν</em></strong></span> <span class='ocrx_word' id='word_1_77' title='bbox 565 1252 690 1339; x_wconf 89' lang='grc' dir='ltr'><strong><em>αύτοῖς,</em></strong></span> <span class='ocrx_word' id='word_1_78' title='bbox 709 1257 880 1346; x_wconf 72' lang='grc' dir='ltr'><strong><em>ἐλελήθειν</em></strong></span> <span class='ocrx_word' id='word_1_79' title='bbox 894 1256 925 1326; x_wconf 80' lang='grc' dir='ltr'><strong><em>δ’</em></strong></span> <span class='ocrx_word' id='word_1_80' title='bbox 942 1257 1081 1344; x_wconf 78' lang='grc' dir='ltr'><strong><em>ἐμαυτὸν</em></strong></span> <span class='ocrx_word' id='word_1_81' title='bbox 1095 1261 1144 1341; x_wconf 82' lang='grc' dir='ltr'><strong><em>εἰς</em></strong></span> <span class='ocrx_word' id='word_1_82' title='bbox 1224 1326 1229 1333; x_wconf 62' lang='grc'><strong>.</strong></span> 
     </span>
    </p>
   </div>
   <div class='ocr_carea' id='block_1_4' title="bbox 28 1349 1180 4014">
    <p class='ocr_par' dir='ltr' id='par_1_4' title="bbox 28 1349 1180 4014">
     <span class='ocr_line' id='line_1_11' title="bbox 104 1349 1142 1451; baseline 0.008 -30"><span class='ocrx_word' id='word_1_83' title='bbox 104 1349 201 1436; x_wconf 83' lang='grc' dir='ltr'><strong><em>αότδ,</em></strong></span> <span class='ocrx_word' id='word_1_84' title='bbox 222 1356 325 1444; x_wconf 80' lang='grc' dir='ltr'><strong><em>φασί,</em></strong></span> <span class='ocrx_word' id='word_1_85' title='bbox 344 1353 383 1423; x_wconf 86' lang='grc' dir='ltr'><strong><em>τὸ</em></strong></span> <span class='ocrx_word' id='word_1_86' title='bbox 400 1362 469 1446; x_wconf 80' lang='grc' dir='ltr'><strong><em>πῦρ</em></strong></span> <span class='ocrx_word' id='word_1_87' title='bbox 483 1355 588 1426; x_wconf 80' lang='grc' dir='ltr'><strong><em>ίκτοῦ</em></strong></span> <span class='ocrx_word' id='word_1_88' title='bbox 601 1385 726 1428; x_wconf 88' lang='grc' dir='ltr'><strong><em>καπνου</em></strong></span> <span class='ocrx_word' id='word_1_89' title='bbox 713 1361 951 1446; x_wconf 83' lang='grc' dir='ltr'><strong><em>βιαζόμενος·</em></strong></span> <span class='ocrx_word' id='word_1_90' title='bbox 970 1360 1063 1448; x_wconf 85' lang='grc' dir='ltr'><strong><em>παρὰ</em></strong></span> <span class='ocrx_word' id='word_1_91' title='bbox 1080 1361 1142 1451; x_wconf 85' lang='grc' dir='ltr'><strong><em>γὰρ</em></strong></span> 
     </span>
     <span class='ocr_line' id='line_1_12' title="bbox 103 1454 1142 1583; baseline 0.011 -59"><span class='ocrx_word' id='word_1_92' title='bbox 103 1454 142 1545; x_wconf 83' lang='grc' dir='ltr'><strong><em>δὴ</em></strong></span> <span class='ocrx_word' id='word_1_93' title='bbox 160 1457 299 1537; x_wconf 80' lang='grc' dir='ltr'><strong><em>τούτοις</em></strong></span> <span class='ocrx_word' id='word_1_94' title='bbox 314 1455 514 1544; x_wconf 67' lang='grc' dir='ltr'><strong><em>μάλιστα“</em></strong></span> <span class='ocrx_word' id='word_1_95' title='bbox 478 1456 633 1583; x_wconf 83' lang='grc' dir='ltr'><strong><em>ηύρισκον</em></strong></span> <span class='ocrx_word' id='word_1_96' title='bbox 651 1458 894 1531; x_wconf 74' lang='grc' dir='ltr'><strong><em>ἐπισκοπῶν</em></strong></span> <span class='ocrx_word' id='word_1_97' title='bbox 861 1490 918 1551; x_wconf 91' lang='grc' dir='ltr'><strong><em>την</em></strong></span> <span class='ocrx_word' id='word_1_98' title='bbox 937 1462 1070 1551; x_wconf 84' lang='grc' dir='ltr'><strong><em>ἀγνοιαν</em></strong></span> <span class='ocrx_word' id='word_1_99' title='bbox 1087 1473 1142 1535; x_wconf 81' lang='grc' dir='ltr'><strong><em>καί</em></strong></span> 
     </span>
     <span class='ocr_line' id='line_1_13' title="bbox 102 1556 1143 1683; baseline 0.01 -57"><span class='ocrx_word' id='word_1_100' title='bbox 102 1556 159 1683; x_wconf 70' lang='grc' dir='ltr'><strong><em>την</em></strong></span> <span class='ocrx_word' id='word_1_101' title='bbox 172 1556 322 1681; x_wconf 77' lang='grc' dir='ltr'><strong><em>ἀπορίαν</em></strong></span> <span class='ocrx_word' id='word_1_102' title='bbox 335 1558 530 1644; x_wconf 86' lang='grc' dir='ltr'><strong><em>πλείονα,</em></strong></span> <span class='ocrx_word' id='word_1_103' title='bbox 507 1558 593 1631; x_wconf 87' lang='grc' dir='ltr'><strong><em>ῶστε</em></strong></span> <span class='ocrx_word' id='word_1_104' title='bbox 605 1590 665 1649; x_wconf 90' lang='grc' dir='ltr'><strong><em>μοι</em></strong></span> <span class='ocrx_word' id='word_1_105' title='bbox 678 1565 817 1648; x_wconf 79' lang='grc' dir='ltr'><strong><em>τάχιστα</em></strong></span> <span class='ocrx_word' id='word_1_106' title='bbox 827 1564 949 1655; x_wconf 86' lang='grc' dir='ltr'><strong><em>χρυσὸν</em></strong></span> <span class='ocrx_word' id='word_1_107' title='bbox 965 1564 1143 1649; x_wconf 74' lang='grc' dir='ltr'><strong><em>ἀπέδειξαν</em></strong></span> 
     </span>
     <span class='ocr_line' id='line_1_14' title="bbox 104 1650 1143 1758; baseline 0.007 -29"><span class='ocrx_word' id='word_1_108' title='bbox 104 1650 196 1730; x_wconf 81' lang='grc' dir='ltr'><strong><em>αδτοι</em></strong></span> <span class='ocrx_word' id='word_1_109' title='bbox 212 1660 277 1730; x_wconf 84' lang='grc' dir='ltr'><strong><em>τὸν</em></strong></span> <span class='ocrx_word' id='word_1_110' title='bbox 293 1669 360 1732; x_wconf 89' lang='grc' dir='ltr'><strong><em>τῶν</em></strong></span> <span class='ocrx_word' id='word_1_111' title='bbox 378 1663 521 1743; x_wconf 79' lang='grc' dir='ltr'><strong><em>ἰδιωτῶν</em></strong></span> <span class='ocrx_word' id='word_1_112' title='bbox 536 1671 625 1751; x_wconf 83' lang='grc' dir='ltr'><strong><em>βίον</em></strong></span> <span class='ocrx_word' id='word_1_113' title='bbox 644 1663 757 1752; x_wconf 81' lang='grc' dir='ltr'><strong><em>ἀμέλει</em></strong></span> <span class='ocrx_word' id='word_1_114' title='bbox 775 1664 919 1753; x_wconf 80' lang='grc' dir='ltr'><strong><em>όμὲν</em></strong></span> <span class='ocrx_word' id='word_1_115' title='bbox 880 1675 989 1735; x_wconf 89' lang='grc' dir='ltr'><strong><em>αυτῶν</em></strong></span> <span class='ocrx_word' id='word_1_116' title='bbox 1001 1669 1143 1758; x_wconf 78' lang='grc' dir='ltr'><strong><em>παρῄνει</em></strong></span> 
     </span>
     <span class='ocr_line' id='line_1_15' title="bbox 103 1760 1142 1856; baseline 0.008 -26"><span class='ocrx_word' id='word_1_117' title='bbox 103 1761 141 1832; x_wconf 89' lang='grc' dir='ltr'><strong><em>τδ</em></strong></span> <span class='ocrx_word' id='word_1_118' title='bbox 166 1771 240 1834; x_wconf 88' lang='grc' dir='ltr'><strong><em>πᾶν</em></strong></span> <span class='ocrx_word' id='word_1_119' title='bbox 266 1760 415 1854; x_wconf 76' lang='grc' dir='ltr'><strong><em>ἥδεσθαι</em></strong></span> <span class='ocrx_word' id='word_1_120' title='bbox 438 1770 496 1836; x_wconf 84' lang='grc' dir='ltr'><strong><em>καὶ</em></strong></span> <span class='ocrx_word' id='word_1_121' title='bbox 519 1768 622 1852; x_wconf 90' lang='grc' dir='ltr'><strong><em>μόνον</em></strong></span> <span class='ocrx_word' id='word_1_122' title='bbox 646 1774 746 1836; x_wconf 81' lang='grc' dir='ltr'><strong><em>τοῦτο</em></strong></span> <span class='ocrx_word' id='word_1_123' title='bbox 772 1767 808 1836; x_wconf 75' lang='grc' dir='ltr'><strong><em>ἐκ</em></strong></span> <span class='ocrx_word' id='word_1_124' title='bbox 832 1768 958 1851; x_wconf 85' lang='grc' dir='ltr'><strong><em>παντὸς</em></strong></span> <span class='ocrx_word' id='word_1_125' title='bbox 979 1777 1142 1856; x_wconf 81' lang='grc' dir='ltr'><strong><em>μετιέναι·</em></strong></span> 
     </span>
     <span class='ocr_line' id='line_1_16' title="bbox 104 1864 1145 1962; baseline 0.006 -29"><span class='ocrx_word' id='word_1_126' title='bbox 104 1873 198 1937; x_wconf 83' lang='grc' dir='ltr'><strong><em>τοῦτο</em></strong></span> <span class='ocrx_word' id='word_1_127' title='bbox 218 1864 286 1956; x_wconf 84' lang='grc' dir='ltr'><strong><em>γὰρ</em></strong></span> <span class='ocrx_word' id='word_1_128' title='bbox 305 1864 439 1937; x_wconf 76' lang='grc' dir='ltr'><strong><em>εἶναι</em></strong></span> <span class='ocrx_word' id='word_1_129' title='bbox 405 1894 444 1936; x_wconf 92' lang='grc' dir='ltr'><strong><em>το</em></strong></span> <span class='ocrx_word' id='word_1_130' title='bbox 459 1865 666 1956; x_wconf 50' lang='grc' dir='ltr'><strong><em>εὔδαιμον(</em></strong></span> <span class='ocrx_word' id='word_1_131' title='bbox 649 1873 719 1962; x_wconf 76' lang='grc' dir='ltr'><strong><em>οδε</em></strong></span> <span class='ocrx_word' id='word_1_132' title='bbox 730 1898 782 1951; x_wconf 88' lang='grc' dir='ltr'><strong><em>τις</em></strong></span> <span class='ocrx_word' id='word_1_133' title='bbox 795 1870 949 1956; x_wconf 70' lang='grc' dir='ltr'><strong><em>ἔμπαλιν,</em></strong></span> <span class='ocrx_word' id='word_1_134' title='bbox 969 1887 1083 1940; x_wconf 88' lang='grc' dir='ltr'><strong><em>πονεῖν</em></strong></span> <span class='ocrx_word' id='word_1_135' title='bbox 1100 1871 1145 1941; x_wconf 82' lang='grc' dir='ltr'><strong><em>τὰ</em></strong></span> 
     </span>
     <span class='ocr_line' id='line_1_17' title="bbox 104 1969 1143 2063; baseline 0.003 -26"><span class='ocrx_word' id='word_1_136' title='bbox 104 1969 213 2038; x_wconf 81' lang='grc' dir='ltr'><strong><em>πάντα</em></strong></span> <span class='ocrx_word' id='word_1_137' title='bbox 230 1972 292 2038; x_wconf 83' lang='grc' dir='ltr'><strong><em>καλ</em></strong></span> <span class='ocrx_word' id='word_1_138' title='bbox 307 1976 448 2055; x_wconf 86' lang='grc' dir='ltr'><strong><em>μοχθεῖν</em></strong></span> <span class='ocrx_word' id='word_1_139' title='bbox 465 1971 578 2042; x_wconf 84' lang='grc' dir='ltr'><strong><em>καὶτὸ</em></strong></span> <span class='ocrx_word' id='word_1_140' title='bbox 596 1980 694 2059; x_wconf 91' lang='grc' dir='ltr'><strong><em>σῶμα</em></strong></span> <span class='ocrx_word' id='word_1_141' title='bbox 714 1972 965 2061; x_wconf 75' lang='grc' dir='ltr'><strong><em>καταναγκάζειν</em></strong></span> <span class='ocrx_word' id='word_1_142' title='bbox 987 1977 1143 2063; x_wconf 82' lang='grc' dir='ltr'><strong><em>ῥυπῶντα</em></strong></span> 
     </span>
     <span class='ocr_line' id='line_1_18' title="bbox 105 2071 1144 2167; baseline 0.002 -27"><span class='ocrx_word' id='word_1_143' title='bbox 105 2076 159 2140; x_wconf 82' lang='grc' dir='ltr'><strong><em>καὶ</em></strong></span> <span class='ocrx_word' id='word_1_144' title='bbox 180 2071 360 2159; x_wconf 79' lang='grc' dir='ltr'><strong><em>αὐχμῶντα</em></strong></span> <span class='ocrx_word' id='word_1_145' title='bbox 381 2077 438 2143; x_wconf 85' lang='grc' dir='ltr'><strong><em>καλ</em></strong></span> <span class='ocrx_word' id='word_1_146' title='bbox 457 2082 544 2145; x_wconf 84' lang='grc' dir='ltr'><strong><em>πᾶσι</em></strong></span> <span class='ocrx_word' id='word_1_147' title='bbox 567 2077 829 2165; x_wconf 76' lang='grc' dir='ltr'><strong><em>δυσαρεστοῦντα</em></strong></span> <span class='ocrx_word' id='word_1_148' title='bbox 850 2079 907 2144; x_wconf 86' lang='grc' dir='ltr'><strong><em>καὶ</em></strong></span> <span class='ocrx_word' id='word_1_149' title='bbox 927 2077 1144 2167; x_wconf 83' lang='grc' dir='ltr'><strong><em>λοιδορούμε-</em></strong></span> 
     </span>
     <span class='ocr_line' id='line_1_19' title="bbox 105 2174 1143 2268; baseline 0.003 -25"><span class='ocrx_word' id='word_1_150' title='bbox 105 2199 167 2257; x_wconf 92' lang='grc' dir='ltr'><strong><em>νον,</em></strong></span> <span class='ocrx_word' id='word_1_151' title='bbox 186 2176 321 2259; x_wconf 75' lang='grc' dir='ltr'><strong><em>συνεχὲς</em></strong></span> <span class='ocrx_word' id='word_1_152' title='bbox 331 2174 579 2268; x_wconf 71' lang='grc' dir='ltr'><strong><em>ἐπιρραψῳδῶν</em></strong></span> <span class='ocrx_word' id='word_1_153' title='bbox 587 2177 795 2268; x_wconf 88' lang='grc' dir='ltr'><strong><em>ταπανδημα</em></strong></span> <span class='ocrx_word' id='word_1_154' title='bbox 805 2177 911 2248; x_wconf 74' lang='grc' dir='ltr'><strong><em>ἐκεῖνα</em></strong></span> <span class='ocrx_word' id='word_1_155' title='bbox 919 2204 977 2247; x_wconf 90' lang='grc' dir='ltr'><strong><em>του</em></strong></span> <span class='ocrx_word' id='word_1_156' title='bbox 963 2176 1143 2247; x_wconf 82' lang='grc' dir='ltr'><strong><em>Ἡσιόδου</em></strong></span> 
     </span>
     <span class='ocr_line' id='line_1_20' title="bbox 106 2275 1143 2373; baseline 0.003 -27"><span class='ocrx_word' id='word_1_157' title='bbox 106 2282 182 2367; x_wconf 80' lang='grc' dir='ltr'><strong><em>περὶ</em></strong></span> <span class='ocrx_word' id='word_1_158' title='bbox 198 2285 262 2367; x_wconf 80' lang='grc' dir='ltr'><strong><em>τῆς</em></strong></span> <span class='ocrx_word' id='word_1_159' title='bbox 279 2275 397 2368; x_wconf 83' lang='grc' dir='ltr'><strong><em>ἀρετῆς</em></strong></span> <span class='ocrx_word' id='word_1_160' title='bbox 415 2278 479 2370; x_wconf 90' lang='grc' dir='ltr'><strong><em>επη</em></strong></span> <span class='ocrx_word' id='word_1_161' title='bbox 497 2279 603 2348; x_wconf 84' lang='grc' dir='ltr'><strong><em>καλ</em></strong></span> <span class='ocrx_word' id='word_1_162' title='bbox 568 2308 626 2349; x_wconf 92' lang='grc' dir='ltr'><strong><em>τον</em></strong></span> <span class='ocrx_word' id='word_1_163' title='bbox 641 2281 765 2373; x_wconf 77' lang='grc' dir='ltr'><strong><em>ἱδρῶτα</em></strong></span> <span class='ocrx_word' id='word_1_164' title='bbox 777 2280 878 2351; x_wconf 84' lang='grc' dir='ltr'><strong><em>καὶ</em></strong></span> <span class='ocrx_word' id='word_1_165' title='bbox 845 2309 902 2372; x_wconf 90' lang='grc' dir='ltr'><strong><em>την</em></strong></span> <span class='ocrx_word' id='word_1_166' title='bbox 917 2279 1024 2351; x_wconf 73' lang='grc' dir='ltr'><strong><em>ἐπὶ</em></strong></span> <span class='ocrx_word' id='word_1_167' title='bbox 991 2308 1030 2350; x_wconf 93' lang='grc' dir='ltr'><strong><em>το</em></strong></span> <span class='ocrx_word' id='word_1_168' title='bbox 1045 2279 1143 2368; x_wconf 87' lang='grc' dir='ltr'><strong><em>ἀκρον</em></strong></span> 
     </span>
     <span class='ocr_line' id='line_1_21' title="bbox 108 2375 1142 2506; baseline 0.004 -58"><span class='ocrx_word' id='word_1_169' title='bbox 108 2375 290 2467; x_wconf 76' lang='grc' dir='ltr'><strong><em>ἀνάβασιν·</em></strong></span> <span class='ocrx_word' id='word_1_170' title='bbox 326 2376 425 2463; x_wconf 83' lang='grc' dir='ltr'><strong><em>ἀλλος</em></strong></span> <span class='ocrx_word' id='word_1_171' title='bbox 454 2396 672 2506; x_wconf 87' lang='grc' dir='ltr'><strong><em>καταφρονεῖν</em></strong></span> <span class='ocrx_word' id='word_1_172' title='bbox 699 2384 875 2472; x_wconf 89' lang='grc' dir='ltr'><strong><em>χρημάτων</em></strong></span> <span class='ocrx_word' id='word_1_173' title='bbox 905 2386 1142 2472; x_wconf 86' lang='grc' dir='ltr'><strong><em>παρεκελεύετο</em></strong></span> 
     </span>
     <span class='ocr_line' id='line_1_22' title="bbox 107 2483 1145 2609; baseline 0.003 -58"><span class='ocrx_word' id='word_1_174' title='bbox 107 2485 160 2552; x_wconf 81' lang='grc' dir='ltr'><strong><em>καὶ</em></strong></span> <span class='ocrx_word' id='word_1_175' title='bbox 177 2483 368 2574; x_wconf 87' lang='grc' dir='ltr'><strong><em>ἀδιάφορον</em></strong></span> <span class='ocrx_word' id='word_1_176' title='bbox 391 2483 584 2555; x_wconf 72' lang='grc' dir='ltr'><strong><em>οἴεσθαι</em></strong></span> <span class='ocrx_word' id='word_1_177' title='bbox 550 2512 608 2609; x_wconf 89' lang='grc' dir='ltr'><strong><em>την</em></strong></span> <span class='ocrx_word' id='word_1_178' title='bbox 629 2492 742 2575; x_wconf 82' lang='grc' dir='ltr'><strong><em>κτῆσιν</em></strong></span> <span class='ocrx_word' id='word_1_179' title='bbox 764 2484 888 2556; x_wconf 78' lang='grc' dir='ltr'><strong><em>αὐτῶν·</em></strong></span> <span class='ocrx_word' id='word_1_180' title='bbox 916 2484 991 2555; x_wconf 80' lang='grc' dir='ltr'><strong><em>δδέ</em></strong></span> <span class='ocrx_word' id='word_1_181' title='bbox 1011 2513 1063 2567; x_wconf 89' lang='grc' dir='ltr'><strong><em>τις</em></strong></span> <span class='ocrx_word' id='word_1_182' title='bbox 1086 2486 1145 2573; x_wconf 85' lang='grc' dir='ltr'><strong><em>ἐμ-</em></strong></span> 
     </span>
     <span class='ocr_line' id='line_1_23' title="bbox 107 2582 1142 2680; baseline 0.001 -26"><span class='ocrx_word' id='word_1_183' title='bbox 107 2589 206 2656; x_wconf 78' lang='grc' dir='ltr'><strong><em>παλιν</em></strong></span> <span class='ocrx_word' id='word_1_184' title='bbox 226 2582 358 2674; x_wconf 87' lang='grc' dir='ltr'><strong><em>ἀγαθὸν</em></strong></span> <span class='ocrx_word' id='word_1_185' title='bbox 380 2584 466 2657; x_wconf 81' lang='grc' dir='ltr'><strong><em>εἶναι</em></strong></span> <span class='ocrx_word' id='word_1_186' title='bbox 481 2589 587 2657; x_wconf 83' lang='grc' dir='ltr'><strong><em>καλ</em></strong></span> <span class='ocrx_word' id='word_1_187' title='bbox 554 2614 611 2658; x_wconf 92' lang='grc' dir='ltr'><strong><em>τον</em></strong></span> <span class='ocrx_word' id='word_1_188' title='bbox 633 2592 777 2657; x_wconf 82' lang='grc' dir='ltr'><strong><em>πλοῦτον</em></strong></span> <span class='ocrx_word' id='word_1_189' title='bbox 799 2587 899 2657; x_wconf 85' lang='grc' dir='ltr'><strong><em>αότὸν</em></strong></span> <span class='ocrx_word' id='word_1_190' title='bbox 921 2586 1142 2680; x_wconf 87' lang='grc' dir='ltr'><strong><em>ἀπεφαίνετο·</em></strong></span> 
     </span>
     <span class='ocr_line' id='line_1_24' title="bbox 34 2687 1144 2781; baseline 0 -24"><span class='ocrx_word' id='word_1_191' title='bbox 34 2769 39 2781; x_wconf 37' lang='lat'><strong>·</strong></span> <span class='ocrx_word' id='word_1_192' title='bbox 108 2691 184 2779; x_wconf 81' lang='grc' dir='ltr'><strong><em>περὶ</em></strong></span> <span class='ocrx_word' id='word_1_193' title='bbox 200 2690 264 2777; x_wconf 80' lang='grc' dir='ltr'><strong><em>μὲν</em></strong></span> <span class='ocrx_word' id='word_1_194' title='bbox 280 2687 343 2779; x_wconf 80' lang='grc' dir='ltr'><strong><em>γὰρ</em></strong></span> <span class='ocrx_word' id='word_1_195' title='bbox 360 2696 419 2758; x_wconf 83' lang='grc' dir='ltr'><strong><em>τοῦ</em></strong></span> <span class='ocrx_word' id='word_1_196' title='bbox 437 2690 562 2777; x_wconf 91' lang='grc' dir='ltr'><strong><em>κόσμου</em></strong></span> <span class='ocrx_word' id='word_1_197' title='bbox 584 2696 619 2761; x_wconf 89' lang='grc' dir='ltr'><strong><em>τί</em></strong></span> <span class='ocrx_word' id='word_1_198' title='bbox 633 2690 694 2781; x_wconf 78' lang='grc' dir='ltr'><strong><em>χρὴ</em></strong></span> <span class='ocrx_word' id='word_1_199' title='bbox 716 2694 773 2760; x_wconf 90' lang='grc' dir='ltr'><strong><em>καὶ</em></strong></span> <span class='ocrx_word' id='word_1_200' title='bbox 793 2693 914 2777; x_wconf 73' lang='grc' dir='ltr'><strong><em>λέγεινς</em></strong></span> <span class='ocrx_word' id='word_1_201' title='bbox 945 2687 982 2771; x_wconf 85' lang='grc' dir='ltr'><strong><em>ός</em></strong></span> <span class='ocrx_word' id='word_1_202' title='bbox 998 2716 1035 2778; x_wconf 89' lang='grc' dir='ltr'><strong><em>γε</em></strong></span> <span class='ocrx_word' id='word_1_203' title='bbox 1054 2691 1144 2770; x_wconf 85' lang='grc' dir='ltr'><strong><em>ἰδέας</em></strong></span> 
     </span>
     <span class='ocr_line' id='line_1_25' title="bbox 28 2789 1144 2881; baseline 0 -21"><span class='ocrx_word' id='word_1_204' title='bbox 28 2836 29 2839; x_wconf 60' lang='lat'><em>=</em></span> <span class='ocrx_word' id='word_1_205' title='bbox 108 2796 162 2860; x_wconf 80' lang='grc' dir='ltr'><strong><em>καὶ</em></strong></span> <span class='ocrx_word' id='word_1_206' title='bbox 187 2791 355 2879; x_wconf 88' lang='grc' dir='ltr'><strong><em>άοῶματα</em></strong></span> <span class='ocrx_word' id='word_1_207' title='bbox 379 2795 435 2861; x_wconf 81' lang='grc' dir='ltr'><strong><em>καὶ</em></strong></span> <span class='ocrx_word' id='word_1_208' title='bbox 461 2789 606 2881; x_wconf 78' lang='grc' dir='ltr'><strong><em>ἀτόμους</em></strong></span> <span class='ocrx_word' id='word_1_209' title='bbox 630 2797 688 2862; x_wconf 79' lang='grc' dir='ltr'><strong><em>καὶ</em></strong></span> <span class='ocrx_word' id='word_1_210' title='bbox 712 2792 789 2862; x_wconf 83' lang='grc' dir='ltr'><strong><em>κενὰ</em></strong></span> <span class='ocrx_word' id='word_1_211' title='bbox 813 2796 869 2862; x_wconf 86' lang='grc' dir='ltr'><strong><em>καί</em></strong></span> <span class='ocrx_word' id='word_1_212' title='bbox 893 2794 1045 2862; x_wconf 84' lang='grc' dir='ltr'><strong><em>τοιοῦτόν</em></strong></span> <span class='ocrx_word' id='word_1_213' title='bbox 1069 2820 1144 2862; x_wconf 90' lang='grc' dir='ltr'><strong><em>τινα</em></strong></span> 
     </span>
     <span class='ocr_line' id='line_1_26' title="bbox 109 2892 1143 2987; baseline 0.002 -24"><span class='ocrx_word' id='word_1_214' title='bbox 109 2892 202 2979; x_wconf 83' lang='grc' dir='ltr'><strong><em>δ’χλον</em></strong></span> <span class='ocrx_word' id='word_1_215' title='bbox 223 2893 395 2981; x_wconf 73' lang='grc' dir='ltr'><strong><em>ὀνομάτων</em></strong></span> <span class='ocrx_word' id='word_1_216' title='bbox 417 2893 580 2987; x_wconf 79' lang='grc' dir='ltr'><strong><em>ὁσημέραι</em></strong></span> <span class='ocrx_word' id='word_1_217' title='bbox 600 2895 679 2984; x_wconf 81' lang='grc' dir='ltr'><strong><em>παρ’</em></strong></span> <span class='ocrx_word' id='word_1_218' title='bbox 695 2893 804 2966; x_wconf 84' lang='grc' dir='ltr'><strong><em>αάτῶν</em></strong></span> <span class='ocrx_word' id='word_1_219' title='bbox 826 2893 953 2964; x_wconf 91' lang='grc' dir='ltr'><strong><em>ἀκούων</em></strong></span> <span class='ocrx_word' id='word_1_220' title='bbox 976 2895 1143 2965; x_wconf 78' lang='grc' dir='ltr'><strong><em>ἐναυτίων.</em></strong></span> 
     </span>
     <span class='ocr_line' id='line_1_27' title="bbox 109 2995 1144 3091; baseline 0.004 -27"><span class='ocrx_word' id='word_1_221' title='bbox 109 3001 164 3091; x_wconf 71' lang='grc' dir='ltr'><strong><em>καί</em></strong></span> <span class='ocrx_word' id='word_1_222' title='bbox 179 2998 220 3068; x_wconf 83' lang='grc' dir='ltr'><strong><em>τὸ</em></strong></span> <span class='ocrx_word' id='word_1_223' title='bbox 239 2999 373 3067; x_wconf 84' lang='grc' dir='ltr'><strong><em>πάντων</em></strong></span> <span class='ocrx_word' id='word_1_224' title='bbox 391 2995 623 3083; x_wconf 83' lang='grc' dir='ltr'><strong><em>ἀτοπώτατον,</em></strong></span> <span class='ocrx_word' id='word_1_225' title='bbox 646 2996 701 3068; x_wconf 84' lang='grc' dir='ltr'><strong><em>δτι</em></strong></span> <span class='ocrx_word' id='word_1_226' title='bbox 717 3004 797 3090; x_wconf 86' lang='grc' dir='ltr'><strong><em>περὶ</em></strong></span> <span class='ocrx_word' id='word_1_227' title='bbox 815 3007 881 3069; x_wconf 89' lang='grc' dir='ltr'><strong><em>τῶν</em></strong></span> <span class='ocrx_word' id='word_1_228' title='bbox 899 2999 1144 3082; x_wconf 75' lang='grc' dir='ltr'><strong><em>ἐναντιωτάτων</em></strong></span> 
     </span>
     <span class='ocr_line' id='line_1_28' title="bbox 111 3098 1145 3193; baseline 0.002 -25"><span class='ocrx_word' id='word_1_229' title='bbox 111 3099 248 3181; x_wconf 66' lang='grc' dir='ltr'><strong><em>ἕκαστος</em></strong></span> <span class='ocrx_word' id='word_1_230' title='bbox 265 3098 372 3169; x_wconf 86' lang='grc' dir='ltr'><strong><em>αάτῶν</em></strong></span> <span class='ocrx_word' id='word_1_231' title='bbox 388 3105 490 3189; x_wconf 82' lang='grc' dir='ltr'><strong><em>λέγων</em></strong></span> <span class='ocrx_word' id='word_1_232' title='bbox 508 3104 642 3193; x_wconf 89' lang='grc' dir='ltr'><strong><em>σφόδρα</em></strong></span> <span class='ocrx_word' id='word_1_233' title='bbox 658 3111 816 3184; x_wconf 88' lang='grc' dir='ltr'><strong><em>νικῶντας</em></strong></span> <span class='ocrx_word' id='word_1_234' title='bbox 832 3107 889 3172; x_wconf 85' lang='grc' dir='ltr'><strong><em>καὶ</em></strong></span> <span class='ocrx_word' id='word_1_235' title='bbox 901 3101 1070 3183; x_wconf 82' lang='grc' dir='ltr'><strong><em>πιθανοὺς</em></strong></span> <span class='ocrx_word' id='word_1_236' title='bbox 1087 3103 1145 3170; x_wconf 92' lang='grc' dir='ltr'><strong><em>λό-</em></strong></span> 
     </span>
     <span class='ocr_line' id='line_1_29' title="bbox 110 3201 1145 3295; baseline 0 -23"><span class='ocrx_word' id='word_1_237' title='bbox 110 3227 186 3290; x_wconf 86' lang='grc' dir='ltr'><strong><em>γους</em></strong></span> <span class='ocrx_word' id='word_1_238' title='bbox 204 3204 391 3293; x_wconf 75' lang='grc' dir='ltr'><strong><em>ἐπορίζετο,</em></strong></span> <span class='ocrx_word' id='word_1_239' title='bbox 419 3201 506 3292; x_wconf 85' lang='grc' dir='ltr'><strong><em>ῶστε</em></strong></span> <span class='ocrx_word' id='word_1_240' title='bbox 525 3207 610 3295; x_wconf 78' lang='grc' dir='ltr'><strong><em>μηδὲ</em></strong></span> <span class='ocrx_word' id='word_1_241' title='bbox 630 3212 678 3294; x_wconf 78' lang='grc' dir='ltr'><strong><em>τῷ</em></strong></span> <span class='ocrx_word' id='word_1_242' title='bbox 696 3204 824 3294; x_wconf 90' lang='grc' dir='ltr'><strong><em>θερμὸν</em></strong></span> <span class='ocrx_word' id='word_1_243' title='bbox 845 3203 884 3274; x_wconf 86' lang='grc' dir='ltr'><strong><em>τὸ</em></strong></span> <span class='ocrx_word' id='word_1_244' title='bbox 904 3203 984 3274; x_wconf 85' lang='grc' dir='ltr'><strong><em>αύτδ</em></strong></span> <span class='ocrx_word' id='word_1_245' title='bbox 1006 3213 1145 3292; x_wconf 86' lang='grc' dir='ltr'><strong><em>πρᾶγμα</em></strong></span> 
     </span>
     <span class='ocr_line' id='line_1_30' title="bbox 111 3305 1147 3398; baseline 0 -25"><span class='ocrx_word' id='word_1_246' title='bbox 111 3307 238 3395; x_wconf 84' lang='grc' dir='ltr'><strong><em>λίγοντι</em></strong></span> <span class='ocrx_word' id='word_1_247' title='bbox 262 3309 319 3374; x_wconf 78' lang='grc' dir='ltr'><strong><em>καί</em></strong></span> <span class='ocrx_word' id='word_1_248' title='bbox 344 3307 472 3398; x_wconf 79' lang='grc' dir='ltr'><strong><em>ψυχρὸν</em></strong></span> <span class='ocrx_word' id='word_1_249' title='bbox 499 3305 676 3397; x_wconf 75' lang='grc' dir='ltr'><strong><em>ἀντιλέγειν</em></strong></span> <span class='ocrx_word' id='word_1_250' title='bbox 703 3307 786 3393; x_wconf 70' lang='grc' dir='ltr'><strong><em>ἔχειν</em></strong></span> <span class='ocrx_word' id='word_1_251' title='bbox 816 3311 872 3375; x_wconf 84' lang='grc' dir='ltr'><strong><em>καί</em></strong></span> <span class='ocrx_word' id='word_1_252' title='bbox 900 3314 1006 3375; x_wconf 85' lang='grc' dir='ltr'><strong><em>ταῦτα</em></strong></span> <span class='ocrx_word' id='word_1_253' title='bbox 1031 3308 1147 3375; x_wconf 83' lang='grc' dir='ltr'><strong><em>εἰδότα</em></strong></span> 
     </span>
     <span class='ocr_line' id='line_1_31' title="bbox 112 3405 1145 3500; baseline -0.002 -24"><span class='ocrx_word' id='word_1_254' title='bbox 112 3417 231 3499; x_wconf 87' lang='grc' dir='ltr'><strong><em>σαφῶς</em></strong></span> <span class='ocrx_word' id='word_1_255' title='bbox 244 3406 291 3489; x_wconf 88' lang='grc' dir='ltr'><strong><em>ῶς</em></strong></span> <span class='ocrx_word' id='word_1_256' title='bbox 306 3406 363 3477; x_wconf 84' lang='grc' dir='ltr'><strong><em>οάκ</em></strong></span> <span class='ocrx_word' id='word_1_257' title='bbox 375 3406 416 3480; x_wconf 85' lang='grc' dir='ltr'><strong><em>ἀν</em></strong></span> <span class='ocrx_word' id='word_1_258' title='bbox 428 3435 512 3479; x_wconf 89' lang='grc' dir='ltr'><strong><em>ποτε</em></strong></span> <span class='ocrx_word' id='word_1_259' title='bbox 525 3409 654 3500; x_wconf 85' lang='grc' dir='ltr'><strong><em>θερμὸν</em></strong></span> <span class='ocrx_word' id='word_1_260' title='bbox 667 3411 717 3497; x_wconf 78' lang='grc' dir='ltr'><strong><em>εἴη</em></strong></span> <span class='ocrx_word' id='word_1_261' title='bbox 730 3436 765 3479; x_wconf 93' lang='grc' dir='ltr'><strong><em>τι</em></strong></span> <span class='ocrx_word' id='word_1_262' title='bbox 777 3413 833 3477; x_wconf 86' lang='grc' dir='ltr'><strong><em>καὶ</em></strong></span> <span class='ocrx_word' id='word_1_263' title='bbox 846 3407 974 3498; x_wconf 83' lang='grc' dir='ltr'><strong><em>ψυχρὸν</em></strong></span> <span class='ocrx_word' id='word_1_264' title='bbox 988 3407 1020 3476; x_wconf 77' lang='grc' dir='ltr'><strong><em>δν</em></strong></span> <span class='ocrx_word' id='word_1_265' title='bbox 1033 3405 1145 3494; x_wconf 80' lang='grc' dir='ltr'><strong><em>ταότῷ</em></strong></span> 
     </span>
     <span class='ocr_line' id='line_1_32' title="bbox 111 3504 1146 3601; baseline -0.007 -18"><span class='ocrx_word' id='word_1_266' title='bbox 111 3513 232 3601; x_wconf 74' lang='grc' dir='ltr'><strong><em>χρόνῳ·</em></strong></span> <span class='ocrx_word' id='word_1_267' title='bbox 273 3510 414 3597; x_wconf 82' lang='grc' dir='ltr'><strong><em>ἀτεχνῶς</em></strong></span> <span class='ocrx_word' id='word_1_268' title='bbox 440 3504 496 3583; x_wconf 83' lang='grc' dir='ltr'><strong><em>ούν</em></strong></span> <span class='ocrx_word' id='word_1_269' title='bbox 522 3512 667 3596; x_wconf 69' lang='grc' dir='ltr'><strong><em>ἔπασχον</em></strong></span> <span class='ocrx_word' id='word_1_270' title='bbox 692 3526 764 3592; x_wconf 89' lang='grc' dir='ltr'><strong><em>τοῖς</em></strong></span> <span class='ocrx_word' id='word_1_271' title='bbox 793 3512 989 3593; x_wconf 88' lang='grc' dir='ltr'><strong><em>νυστάζουσι</em></strong></span> <span class='ocrx_word' id='word_1_272' title='bbox 1013 3509 1146 3588; x_wconf 84' lang='grc' dir='ltr'><strong><em>τούτοις</em></strong></span> 
     </span>
     <span class='ocr_line' id='line_1_33' title="bbox 112 3607 1145 3709; baseline -0.002 -29"><span class='ocrx_word' id='word_1_273' title='bbox 112 3607 242 3698; x_wconf 80' lang='grc' dir='ltr'><strong><em>ὅμοιον,</em></strong></span> <span class='ocrx_word' id='word_1_274' title='bbox 268 3611 347 3709; x_wconf 84' lang='grc' dir='ltr'><strong><em>ἀρτι</em></strong></span> <span class='ocrx_word' id='word_1_275' title='bbox 365 3617 427 3701; x_wconf 76' lang='grc' dir='ltr'><strong><em>μὲν</em></strong></span> <span class='ocrx_word' id='word_1_276' title='bbox 449 3615 622 3699; x_wconf 70' lang='grc' dir='ltr'><strong><em>ἐπινεύων,</em></strong></span> <span class='ocrx_word' id='word_1_277' title='bbox 649 3614 727 3706; x_wconf 84' lang='grc' dir='ltr'><strong><em>ἀρτι</em></strong></span> <span class='ocrx_word' id='word_1_278' title='bbox 748 3615 785 3682; x_wconf 76' lang='grc' dir='ltr'><strong><em>δὲ</em></strong></span> <span class='ocrx_word' id='word_1_279' title='bbox 806 3610 971 3682; x_wconf 87' lang='grc' dir='ltr'><strong><em>ἀνανεύων</em></strong></span> <span class='ocrx_word' id='word_1_280' title='bbox 993 3611 1145 3697; x_wconf 70' lang='grc' dir='ltr'><strong><em>ἔμπαλιν.</em></strong></span> 
     </span>
     <span class='ocr_line' id='line_1_34' title="bbox 113 3711 1180 3807; baseline 0 -24"><span class='ocrx_word' id='word_1_281' title='bbox 113 3720 227 3806; x_wconf 77' lang='grc' dir='ltr'><strong><em>πολλῷ</em></strong></span> <span class='ocrx_word' id='word_1_282' title='bbox 254 3719 291 3789; x_wconf 82' lang='grc' dir='ltr'><strong><em>δὲ</em></strong></span> <span class='ocrx_word' id='word_1_283' title='bbox 316 3719 441 3788; x_wconf 89' lang='grc' dir='ltr'><strong><em>τούτων</em></strong></span> <span class='ocrx_word' id='word_1_284' title='bbox 467 3717 569 3787; x_wconf 71' lang='grc' dir='ltr'><strong><em>ἐκεῖνο</em></strong></span> <span class='ocrx_word' id='word_1_285' title='bbox 593 3715 812 3807; x_wconf 81' lang='grc' dir='ltr'><strong><em>ἀλογώτερον·</em></strong></span> <span class='ocrx_word' id='word_1_286' title='bbox 841 3714 920 3796; x_wconf 82' lang='grc' dir='ltr'><strong><em>τοὺς</em></strong></span> <span class='ocrx_word' id='word_1_287' title='bbox 940 3714 1003 3806; x_wconf 83' lang='grc' dir='ltr'><strong><em>γὰρ</em></strong></span> <span class='ocrx_word' id='word_1_288' title='bbox 1026 3711 1180 3793; x_wconf 78' lang='grc' dir='ltr'><strong><em>αδτοδςσ</em></strong></span> 
     </span>
     <span class='ocr_line' id='line_1_35' title="bbox 114 3813 1147 3912; baseline -0.001 -27"><span class='ocrx_word' id='word_1_289' title='bbox 114 3819 251 3903; x_wconf 84' lang='grc' dir='ltr'><strong><em>τούτους</em></strong></span> <span class='ocrx_word' id='word_1_290' title='bbox 266 3816 421 3911; x_wconf 80' lang='grc' dir='ltr'><strong><em>ηύρισκον</em></strong></span> <span class='ocrx_word' id='word_1_291' title='bbox 443 3820 607 3912; x_wconf 74' lang='grc' dir='ltr'><strong><em>ἐπιτηρῶν</em></strong></span> <span class='ocrx_word' id='word_1_292' title='bbox 630 3820 850 3891; x_wconf 73' lang='grc' dir='ltr'><strong><em>ἐναντιώτατα</em></strong></span> <span class='ocrx_word' id='word_1_293' title='bbox 870 3831 943 3899; x_wconf 83' lang='grc' dir='ltr'><strong><em>τοῖς</em></strong></span> <span class='ocrx_word' id='word_1_294' title='bbox 965 3813 1072 3885; x_wconf 76' lang='grc' dir='ltr'><strong><em>αὐτῶν</em></strong></span> <span class='ocrx_word' id='word_1_295' title='bbox 1090 3817 1147 3884; x_wconf 89' lang='grc' dir='ltr'><strong><em>λό-</em></strong></span> 
     </span>
     <span class='ocr_line' id='line_1_36' title="bbox 115 3918 1149 4014; baseline -0.002 -27"><span class='ocrx_word' id='word_1_296' title='bbox 115 3918 187 4006; x_wconf 77' lang='grc' dir='ltr'><strong><em>γοις</em></strong></span> <span class='ocrx_word' id='word_1_297' title='bbox 204 3922 471 4012; x_wconf 76' lang='grc' dir='ltr'><strong><em>ἐπιτηδεύοντας·</em></strong></span> <span class='ocrx_word' id='word_1_298' title='bbox 488 3921 566 4004; x_wconf 85' lang='grc' dir='ltr'><strong><em>τοὺς</em></strong></span> <span class='ocrx_word' id='word_1_299' title='bbox 582 3930 659 4013; x_wconf 78' lang='grc' dir='ltr'><strong><em>γοῦν</em></strong></span> <span class='ocrx_word' id='word_1_300' title='bbox 672 3934 890 4014; x_wconf 89' lang='grc' dir='ltr'><strong><em>καταφρονεῖν</em></strong></span> <span class='ocrx_word' id='word_1_301' title='bbox 903 3926 1149 4009; x_wconf 81' lang='grc' dir='ltr'><strong><em>παραινοῦντας</em></strong></span> 
     </span>
    </p>
   </div>
   <div class='ocr_carea' id='block_1_5' title="bbox 115 4022 1146 4183">
    <p class='ocr_par' dir='ltr' id='par_1_5' title="bbox 115 4022 1146 4183">
     <span class='ocr_line' id='line_1_37' title="bbox 115 4022 1146 4183; baseline -0.008 -86"><span class='ocrx_word' id='word_1_302' title='bbox 115 4026 288 4113; x_wconf 65' lang='grc' dir='ltr'><strong><em>χρημάτων</em></strong></span> <span class='ocrx_word' id='word_1_303' title='bbox 305 4025 417 4118; x_wconf 76' lang='grc' dir='ltr'><strong><em>δώρων</em></strong></span> <span class='ocrx_word' id='word_1_304' title='bbox 436 4026 541 4119; x_wconf 83' lang='grc' dir='ltr'><strong><em>ἀπρὶξ</em></strong></span> <span class='ocrx_word' id='word_1_305' title='bbox 560 4025 733 4115; x_wconf 76' lang='grc' dir='ltr'><strong><em>όχομίνους</em></strong></span> <span class='ocrx_word' id='word_1_306' title='bbox 750 4023 857 4096; x_wconf 88' lang='grc' dir='ltr'><strong><em>αύτῶν</em></strong></span> <span class='ocrx_word' id='word_1_307' title='bbox 874 4027 930 4093; x_wconf 82' lang='grc' dir='ltr'><strong><em>καὶ</em></strong></span> <span class='ocrx_word' id='word_1_308' title='bbox 938 4028 1025 4183; x_wconf 49' lang='grc' dir='ltr'><strong><em>1νῑτερλ</em></strong></span> <span class='ocrx_word' id='word_1_309' title='bbox 1042 4022 1146 4109; x_wconf 85' lang='grc' dir='ltr'><strong><em>τόκων</em></strong></span> 
     </span>
     <span class='ocr_line' id='line_1_38' title="bbox 172 4126 346 4175; baseline 0.011 -2"><span class='ocrx_word' id='word_1_310' title='bbox 172 4126 264 4173; x_wconf 76' lang='lat' dir='ltr'><strong><em>Luciam&#39;</em></strong></span> <span class='ocrx_word' id='word_1_311' title='bbox 278 4131 319 4175; x_wconf 79' lang='grc' dir='ltr'><strong><em>νεῖ.</em></strong></span> <span class='ocrx_word' id='word_1_312' title='bbox 328 4130 346 4175; x_wconf 82' lang='grc' dir='ltr'><strong><em>Ι.</em></strong></span> 
     </span>
    </p>
   </div>
   <div class='ocr_carea' id='block_1_6' title="bbox 0 0 1390 4632">
    <p class='ocr_par' dir='ltr' id='par_1_6' title="bbox 0 0 1390 4632">
     <span class='ocr_line' id='line_1_39' title="bbox 0 0 1390 4632; baseline 0 0"><span class='ocrx_word' id='word_1_313' title='bbox 0 0 1390 4632; x_wconf 95' lang='lat' dir='ltr'><strong><em> </em></strong></span> 
     </span>
    </p>
   </div>
  </div>
 </body>
</html>
