2740 4648
279 304 282 311 .
375 251 439 305 xx.
465 202 729 307 EPMOTiMoz
747 253 869 310 ,τε-ιο.
1018 248 1024 263 ¹
1049 211 1132 306 '321

112 355 219 426 οῦκέσι
237 356 360 446 ῥηίδιον,
381 353 518 446 ἐπείπερ
538 354 708 425 ἀκόλουθα
723 361 780 425 καὶ
798 353 898 443 όμοιά
913 357 983 426 ἐστι
1000 366 1039 450 τῇ
1058 385 1134 447 συγ-

9 530 11 561 ἓ
110 465 299 551 χωρηθείση
318 456 413 548 ἀρχῆ,
441 456 527 550 άπερ
548 463 605 528 καὶ
626 458 720 545 ύμεῖς
741 461 898 544 πάσχετε·
924 459 991 545 ύπὸ
1014 463 1075 554 γάρ
1094 462 1133 553 δὴ

113 564 232 650 ἐρωτος
248 565 304 628 καί
321 569 515 651 προθυμίας
533 559 590 630 ούκ
608 562 817 645 ἐξετάσαντες
832 563 875 631 τὰ
892 564 975 631 κατά
991 564 1048 653 τήν
1066 567 1134 634 εἰσ-

114 668 188 735 οδον
207 663 343 751 ἑκάστην
362 660 455 744 ὅπως
471 661 548 750 ύμῖν
566 667 644 748 ἔχει,
672 680 873 755 προχωρεῖτε
893 664 960 734 άπὸ
981 674 1039 755 τῆς
1057 665 1134 735 ἀκο-

111 771 252 848 λουθίας
270 766 449 851 ἑλκόμενοι,
474 764 532 836 οῦκ
549 766 731 847 ἐννοοῦντες
753 769 786 837 εἰ
804 795 851 855 πη
873 767 987 855 γένοιτ’
1000 767 1039 836 ἀν
1057 767 1135 837 ἀιό-

111 870 236 940 λουθόν
253 897 287 938 τι
305 866 395 958 αύτῷ
413 872 469 938 καὶ
485 872 611 957 ψεῦδος
629 867 674 952 ἀν,
700 870 779 952 οἷον,
804 872 901 951 εἴτις
918 874 1008 958 λέγοι
1023 871 1066 939 τὰ
1085 874 1135 953 δὶς

112 978 208 1043 πέντε
226 969 311 1040 ἐπτδι
329 968 483 1043 εἶναικαὶ
502 971 541 1040 σὺ
560 973 771 1053 πιστεύσειας
785 970 872 1061 αύτῷ
884 972 929 1062 μῆ
943 972 1135 1064 ἀριθμήσας

113 1074 169 1144 ἐπὶ
187 1081 325 1156 σαυτοῦ,
349 1073 464 1157 ἐπάξει
483 1074 605 1165 δηλαδή
628 1071 681 1144 ότι
702 1078 757 1142 καὶ
778 1069 927 1163 τετράκις
948 1082 1046 1144 πέντε
1062 1102 1135 1144 τετ-

111 1178 344 1266 ταρεσκαίδεκα
366 1178 499 1258 πάντως
521 1178 590 1246 ἐστὶ
611 1181 783 1267 καὶμέχρι
810 1174 954 1246 ἀν’ότου
980 1178 1133 1268 ἐθελήσῃ,

112 1278 167 1349 οἶα
184 1282 238 1346 καὶ
255 1277 275 1367 ή
294 1279 478 1374 θαυμαστή·
493 1270 676 1369 γεωμετρία
696 1293 803 1349 ποιεῖ·
825 1278 953 1368 κάκείνη
975 1279 1036 1369 γὰρ
1058 1282 1135 1361 τοὺς

112 1382 145 1451 ἐν
162 1380 243 1472 ἀρχῆ
262 1379 422 1451 ἀλλόκοτά
439 1409 512 1451 τινα
531 1384 694 1471 αἰτήματα
712 1383 877 1471 αἰτήσασα
897 1386 952 1449 καὶ
970 1408 1135 1472 συγχωρη-

111 1491 214 1572 θῆναι
233 1481 313 1573 αἰτῇ
337 1482 509 1566 ἀξιώσασα
531 1483 608 1555 ούδέ
629 1492 788 1572 συστῆναι
811 1486 986 1570 δυνάμενα,
1016 1487 1136 1573 σημεῖά

112 1613 185 1657 τινα
204 1583 305 1676 ἀμερῆ
327 1590 384 1654 καὶ
404 1586 556 1675 γραμμάς
577 1585 738 1666 ἀπλατεῖς
758 1590 814 1654 καὶ
834 1588 876 1655 τὰ
897 1596 1049 1671 τοιαῦτα,
1079 1588 1135 1655 ἐπί

113 1696 255 1777 σαθροῖς
276 1702 347 1769 τοῖς
368 1692 538 1773 θεμελίοις
558 1691 689 1769 τούτοις
712 1689 881 1774 οἰκοδομεῖ
895 1689 938 1757 τὰ
961 1690 1063 1758 λοιπὰ
1081 1693 1137 1757 καὶ

112 1789 202 1873 ἀξιοῖ
218 1791 266 1871 εἰς
283 1788 454 1873 ἀπόδειξιν
472 1790 583 1882 ἀληθῆ
601 1795 703 1880 λέγειν
716 1789 786 1860 ἀπὸ
800 1793 946 1879 ψευδοῦς
964 1799 1022 1879 τῆς
1036 1790 1136 1879 ἀρχῆς

112 1892 293 1982 ὁρμωμένη.
320 1893 403 1961 κατὰ
419 1891 522 1962 ταῦτὰ
539 1901 647 1963 τοίνυν
664 1901 720 1966 καί
732 1891 825 1979 ῦμεῖς
840 1895 949 1973 δόντες
961 1894 1021 1972 τὰς
1035 1893 1135 1981 ἀρχάς
1154 1916 1185 1965 75

110 2003 169 2084 τῆς
190 2000 415 2083 προαιρέσεως
437 1997 574 2085 ἐκάστης
595 1997 773 2066 πιστεύετε
789 2009 860 2077 τοῖς
882 1997 955 2085 ἑξῆς
976 2000 1032 2063 καὶ
1053 1998 1137 2083 γνοί-

111 2123 214 2187 ρισμα
231 2105 290 2186 τῆς
303 2096 464 2187 ἀληθείας
477 2097 585 2169 αἰτιῦν
597 2100 655 2188 τήν
669 2099 871 2167 ἀκολουθίαν
888 2097 1025 2187 ῆγεῐσθε
1040 2096 1133 2179 εἶναι,

111 2203 218 2289 ψευδῆ
238 2193 353 2268 οὖσαν·
372 2199 443 2269 είτα
461 2201 494 2270 ολ
509 2204 569 2287 μὲν
585 2201 676 2288 ὑμῶν
695 2202 981 2292 ἐναποθνήσκουσι
992 2215 1066 2280 ταῖς
1085 2200 1138 2268 ἰλ-

111 2309 201 2385 πίσι,
225 2306 303 2392 πρὶν
322 2304 403 2371 ἰδεῖν
424 2302 569 2391 τάληθές
589 2308 644 2372 καὶ
660 2312 864 2392 καταγνῶναι
884 2311 949 2371 τῶν
972 2304 1156 2391 ἰξαπατηι

112 2407 238 2474 σάντων
256 2405 394 2487 ἐκείνων,
419 2407 452 2475 οἱ
470 2409 505 2474 δὲ
522 2405 582 2474 κάν
605 2408 792 2475 αἴσθωνται
814 2408 1052 2495 ἐξηπατημένοι
1071 2404 1138 2492 ὀψέ

110 2533 195 2576 ποτε
203 2513 350 2598 γέροντες
359 2508 420 2597 ήδη
434 2511 610 2595 γενόμενοι,
630 2508 778 2578 ὀκνοῦσιν
793 2504 1008 2597 ἀναστρέφειν
1023 2510 1138 2575 αἰδού-

9 2608 10 2627 ³
108 2635 218 2695 μενοι,
242 2611 271 2678 εἰ
289 2611 399 2699 δεήσει
416 2612 627 2700 τηλικούτους
644 2611 763 2691 αὐτοὺς
781 2609 876 2690 όντας
899 2611 1139 2698 ἐξομολογήσα-

111 2719 199 2780 σθαι
221 2708 274 2781 ότι
294 2714 474 2804 πράγματα
496 2716 626 2783 παίδων
649 2715 774 2797 ἔχοντες
796 2711 834 2781 ού
858 2720 1024 2781 συνίεσαν·
1051 2708 1140 2780 ὥστε

110 2812 286 2900 ἐμμένουσι
300 2828 371 2896 τοῖς
385 2814 496 2898 αῦτοῖς
508 2815 563 2885 ἀπ’
575 2818 727 2905 αἰσχύνης
740 2820 795 2884 καὶ
809 2816 983 2884 ἐπαινοῦσι
996 2813 1038 2881 τά
1051 2841 1138 2901 παρ-

111 2917 191 2985 όντα
204 2921 259 2984 καὶ
273 2915 420 2999 ὁπόσους
433 2917 473 2989 ἀν
487 2921 645 2989 δύνωνται
657 2926 901 3011 προτρέπουσιν
915 2918 973 2986 ἐπὶ
985 2917 1027 2989 τά
1042 2915 1135 3000 αῦτά,

110 3014 159 3096 οῦς
178 3015 217 3085 ἀν
234 3017 278 3105 μή
296 3023 393 3102 μόνοι
415 3020 652 3112 ἐξηπατημένοι
671 3015 762 3106 εἰσιν,
787 3021 854 3090 ἀλλί
868 3022 967 3104 ἐ’χωσι
984 3047 1141 3110 παραγευ-

108 3125 194 3188 θίαν
210 3117 248 3186 τὸ
267 3123 323 3185 καὶ
340 3117 458 3201 ἀλλους
474 3125 617 3207 πολλοὺς
629 3126 671 3193 τά
685 3122 786 3211 όμοια
799 3131 925 3194 παθεῖν
939 3120 1064 3204 αὐτοῖς·
1082 3124 1139 3190 καίΙ
1167 3182 1169 3187 ,

9 3260 10 3267 1
108 3220 173 3311 γὰρ
193 3212 235 3289 αὖ
253 3218 381 3288 κάκεῖνο
400 3218 530 3310 δρῶσιν.
554 3223 607 3294 ότι
628 3224 668 3314 ἢν
687 3225 833 3314 τάληθὲς
856 3228 1004 3306 εἴπωσιν,
1029 3223 1157 3292 οόκέτιέ

110 3327 226 3409 σεμνοὶ
244 3319 358 3412 ιῦσπερ
376 3330 432 3392 νῦν
449 3328 505 3392 καὶ
520 3323 603 3414 ύπὲρ
626 3326 704 3406 τοὺς
725 3325 870 3405 πολλοὺς
891 3327 1043 3407 δόξουσιν
1061 3323 1140 3393 οῦδὲ

106 3429 306 3516 τιμήσονται
323 3423 456 3511 ὁμοίως.
492 3423 550 3494 οἰκ
568 3425 607 3495 ἀν
626 3418 681 3495 οῦν
704 3427 830 3507 ἑκόντες
853 3427 988 3508 ε’ίποιεν,
1013 3428 1138 3508 εἰδότες

9 3604 11 3617 s
109 3527 169 3617 ἀφ’
183 3531 262 3598 οἵων
280 3529 471 3611 ἐκπεσόντες
489 3525 600 3615 όμοιοι
613 3544 685 3611 τοῖς
698 3527 810 3610 ἀλλοις
824 3530 986 3612 δόξουσιν.
1014 3528 1137 3617 ὀλίγοις

8 3624 11 3659 ³
110 3630 144 3698 δ’
157 3630 196 3701 ἀν
214 3634 301 3702 πάνυ
321 3632 463 3716 ἐντύχοις
480 3629 536 3700 ἀπ’
547 3630 699 3721 ἀνδρείας
716 3636 863 3719 τολμῶσι
880 3636 983 3720 λέγειν
997 3629 1051 3700 ότι
1065 3632 1101 3713 ἐξ
1120 3674 1138 3686 -

108 3733 276 3822 πάτηνται
289 3738 348 3803 καὶ
369 3735 446 3815 τοὺς
468 3731 587 3817 ἀλλους
610 3733 812 3823 ἀποτρέπειν
833 3742 898 3804 τῶν
919 3733 1044 3820 δμοίων
1061 3760 1137 3803 πει-

9 3836 11 3849 *
107 3826 287 3926 ρωμένους.
323 3840 353 3907 εἰ
371 3836 401 3906 δ’
413 3829 470 3907 οῦν
486 3866 552 3908 τινι
567 3839 710 3927 τοιούτῳ
730 3832 886 3922 ἐντύχοις,
911 3839 1081 3927 φιλαλήθη
1100 3863 1137 3906 τε

9 3956 12 3965 ’
106 3939 204 4007 κάλει
221 3939 277 4008 τὸν
294 3948 444 4010 τοιοῦτον
460 3944 516 4010 καί
527 3938 665 4032 χρηστὸν
678 3945 733 4009 καὶ
748 3944 874 4009 δίκαιον
885 3945 949 4022 καὶ,
970 3942 1000 4008 εἰ
1011 3942 1134 4027 βούλει,

9 4066 17 4125 χ
107 4043 314 4132 φιλόσοφον·
334 4041 371 4114 οῦ
389 4044 451 4134 γάρ
470 4041 510 4115 ἀν
528 4044 738 4134 φθονήσαιμι
754 4045 861 4133 τούτῳ
875 4046 966 4132 μόνῳ
984 4052 1043 4113 τοῦ
1061 4040 1135 4113 ἀνό-

166 4144 258 4189 ίιαοὶοιιί
271 4147 314 4190 vol.
325 4147 342 4192 ί.
932 4148 966 4203 21
1039 4150 1050 4173 ⁴
