2740 4648
262 216 335 282 272¹
649 227 904 284 ΛΟΥΚΙΑΝΟΥ

262 338 388 419 έχοντες
406 328 465 401 οῦκ
482 327 521 401 ἀν
536 330 670 412 εἰκότως
682 330 717 400 έκ
728 333 830 418 μόνου
843 338 902 403 τοῦ
914 336 1043 418 μισθοῦ
1058 331 1288 419 διαβάλλοιντο

238 438 318 503 ,καὶ
335 435 383 516 εἰς
404 432 586 524 ὁμοιότητα
606 437 661 502 καί
682 440 853 504 κοινωνίαν
869 441 928 524 τῆς
948 440 1144 524 κατηγορίας
1165 439 1290 504 καθέλ-

261 556 386 606 κοιντο·
405 535 479 606 ίπεί
496 533 555 605 οῦκ
571 534 611 606 ἀν
629 537 758 628 φθάνοι
773 564 825 618 τις
842 534 979 619 ἁπάσας
991 533 1135 628 ἀναιρῶν
1146 534 1208 618 τδις
1218 562 1291 607 τοι·

261 641 365 720 αύτας
390 646 610 729 προστασίας,
637 641 693 708 καί
718 636 793 708 ούτι
819 639 854 707 ολ
878 646 1026 708 τοσαῦτα
1048 639 1129 729 έθνη
1155 638 1292 728 ἐπιτρο-

261 742 418 823 πεύοντες
445 738 519 809 τόθ’
539 740 573 810 οἰ
598 739 657 823 τὰς
682 743 799 822 πόλεις
829 737 1047 832 ἁρμόττοντες
1076 739 1151 811 τόθ’
1172 742 1206 812 οἰ
1230 740 1292 824 τὰς

262 841 472 935 φάλαγγαςῆ
494 844 705 934 στρατόπεδα
728 841 790 913 όλα
807 843 1058 932 ἐγχειριζόμενοι
1079 841 1195 935 ὀρθῶς
1210 869 1293 914 ποι-

262 947 414 1035 ήσουσιν,
447 945 523 1015 ἐπεὶ
547 950 603 1014 καὶ
628 946 755 1033 μισθός
781 944 888 1017 αῦτοῦν
913 953 962 1036 τῷ
989 945 1074 1036 ἔργῳ
1098 946 1291 1035 πράτιστα.

264 1046 332 1116 ἀλλ’
349 1046 406 1117 οῦκ
429 1045 485 1138 ἀφ’
501 1047 586 1131 ἑνὸς,
610 1046 718 1135 οἶμαι,
738 1048 799 1139 χρὴ
818 1046 1012 1138 ἀνατρέπειν
1027 1047 1071 1117 τδι
1087 1047 1198 1118 πάντα
1216 1044 1290 1117 οὔδ’
1352 1124 1353 1129 1

213 1172 246 1222 ιν
264 1151 430 1236 ἰσοτιμίαν
446 1157 512 1220 τῶν
527 1148 827 1241 μισθοφορούντων
844 1150 1056 1220 καθιστάναι.
1091 1148 1132 1219 τὸ
1154 1151 1192 1219 δέ
1214 1146 1293 1219 όλον

264 1250 303 1321 οῦ
321 1251 398 1333 τοὺς
414 1260 679 1340 μισθαρνοῦντας
696 1248 845 1334 ἅπαντας
858 1251 921 1341 έγδι
936 1252 1053 1342 φαύλῳ
1065 1258 1130 1342 βίην
1145 1266 1294 1322 συνεῖναι

168 1374 170 1383 ’
264 1354 421 1444 έφασκον,
450 1352 534 1422 ἀλλὰ
550 1353 679 1437 τοῦςίν
700 1367 774 1435 ταῖς
796 1355 916 1435 οἰκίαις
938 1355 996 1424 έπί
1016 1354 1188 1446 προφάσει
1208 1381 1295 1424 παι-

264 1448 407 1538 δεύσεως
423 1458 636 1538 δουλεύοντας
658 1454 822 1547 ᾤκτειρον.
856 1458 948 1527 τουτί
971 1458 1021 1539 δέ,
1049 1448 1078 1524 ὦ
1100 1455 1223 1547 ἑταῖρε,
1252 1456 1293 1526 τδ

263 1555 420 1648 ήμέτερον
444 1566 581 1647 πρᾶγμα
602 1560 815 1628 παντάπαοω
837 1558 981 1646 ἑτεροῖόν
1006 1557 1109 1642 έστιν,
1137 1559 1171 1627 εἰ
1188 1585 1226 1648 γε
1250 1558 1294 1628 τὰ

262 1662 322 1747 μὲν
340 1661 426 1729 οἰκοι
445 1660 579 1745 ἰσότιμα
595 1659 686 1751 ήμῖν,
715 1664 858 1751 δημοσίᾳ
880 1663 917 1730 δέ
937 1667 997 1751 τῆς
1017 1660 1172 1750 μεγίότης
1190 1658 1294 1752 ἀρχῆς

263 1769 479 1849 κοινωνοῦμεν
499 1767 555 1832 καί
575 1763 614 1832 τὸ
635 1769 735 1853 μέρος
758 1763 1071 1853 συνδιαπράττομεν.
1111 1760 1203 1853 ἔγωγ’
1224 1756 1291 1848 οῦν,

264 1865 296 1933 εἰ
308 1870 459 1953 σκέψαιο,
480 1863 606 1953 δόξαιμ’
618 1864 658 1934 ἀν
667 1891 726 1935 σοι
735 1863 772 1935 οῦ
786 1865 825 1934 τὸ
834 1867 1029 1956 μικρότατον
1037 1873 1096 1956 τής
1102 1866 1293 1954 Αἰγυπτίας

263 1969 385 2058 ταύτης
402 1964 502 2058 ἀρχῆς
518 1967 767 2059 ἐγκεχειρίσθαι,
785 1968 846 2049 τὰς
863 1970 955 2050 δίκας
972 1969 1113 2057 εἰσάγειν
1126 1971 1182 2039 καὶ
1197 1972 1292 2053 τάξιν

202 2119 205 2123 -
265 2067 383 2152 αῦταῑς
398 2069 456 2160 τήν
473 2070 703 2161 προσήκουσαν
725 2069 917 2141 ἐπιτιθέναι
937 2075 993 2140 καί
1013 2079 1080 2141 τῶν
1101 2079 1293 2159 πραττομέ-

264 2200 328 2242 νων
344 2175 401 2240 καί
413 2176 592 2261 λεγομένων
605 2170 851 2256 ἁπαξαπάντων
863 2171 1084 2263 ῦπομνήματα
1095 2174 1294 2263 γράφεσθαι

214 2272 216 2275 ’
263 2273 396 2356 καὶτὰς
412 2301 449 2344 τε
466 2277 635 2365 ῥητορείας
651 2283 717 2345 τῶν
735 2277 1023 2363 δικαιολογούντων
1045 2276 1218 2367 ῥυθμίζειν
1236 2281 1293 2346 καί

263 2376 324 2457 τὰς
345 2383 403 2445 τοῦ
425 2372 581 2468 ἀρχοντος
601 2379 739 2467 γνώσεις
759 2377 845 2467 πρὸς
860 2377 900 2447 τὸ
923 2385 1129 2468 σαφέστατον
1147 2374 1219 2464 ἅμα
1237 2383 1293 2448 καί

265 2476 497 2568 ἀκριβέστατον
523 2479 581 2549 σὺν
606 2488 721 2550 πίστει
744 2487 786 2571 τῇ
802 2487 946 2570 μεγίστη
974 2482 1210 2569 διαφυλάττειν
1236 2486 1294 2550 καὶ

263 2583 486 2672 παραδιδόναι
499 2584 643 2673 δημοσίᾳ
655 2581 741 2673 πρὸς
753 2582 810 2651 τὸν
823 2582 877 2650 ἀεὶ
887 2584 1002 2672 χρόνον
1018 2580 1291 2669 ἀποκεισομένας,

262 2687 318 2752 καὶ
340 2681 359 2753 δ
380 2685 507 2770 μισθὸς
528 2683 587 2754 ούκ
609 2684 787 2769 ἰδιωτικὸς,
815 2682 899 2753 ἀλλὰ
920 2683 1013 2774 παρὰ
1033 2691 1093 2753 τοῦ
1113 2688 1291 2771 βασιλεως,

264 2784 303 2855 οῦ
320 2786 436 2877 μικρὸς
453 2785 529 2855 οῦδὲ
547 2778 655 2870 οὗτος,
684 2786 768 2857 ἀλλὰ
789 2788 1048 2869 πολυτάλαντος·
1073 2789 1130 2856 καί
1146 2784 1190 2857 τά
1205 2786 1293 2874 μετὰ

262 2895 368 2956 ταῦτα
386 2890 422 2957 δί
440 2888 478 2958 οῦ
496 2893 623 2978 φαῦλαι
641 2888 786 2973 ίλπίδες,
806 2890 837 2958 εἰ
853 2887 895 2958 τδι
913 2889 1024 2960 εἰκότα
1040 2897 1198 2979 γίγνοιτο,
1219 2887 1291 2958 ἀλλ’

264 2990 362 3071 έθνος
388 2991 611 3080 ἐπιτραπῆναι
634 2987 656 3079 ἤ
685 3019 777 3074 τινας
806 2990 908 3074 ἀλλος
938 2994 1075 3081 πράξεις
1103 2995 1291 3079 βασιλικάς.

214 3116 246 3166 ιε
265 3091 372 3161 ἐθέλω
396 3091 427 3162 δ’
444 3085 501 3163 οῦν
524 3093 559 3162 ἐκ
578 3102 734 3186 περιττοῦ
754 3096 956 3185 χρησάμενος
976 3102 1016 3185 τῇ
1041 3101 1215 3186 παρρησία
1236 3098 1293 3164 καί

264 3192 368 3280 δμόσε
386 3196 540 3286 χωρήσας
560 3205 608 3286 τηῦ
635 3197 862 3289 ἐπιφερομένην
890 3196 1066 3287 ἐγκλήματι
1090 3194 1167 3266 καθ’
1187 3195 1293 3287 ῦπερ-

262 3297 363 3389 βολήν
384 3297 678 3390 ἀπολογήσασθαι,
705 3303 761 3369 καί
788 3297 827 3389 δή
855 3306 942 3389 φημί
969 3324 1025 3369 σοι
1043 3300 1168 3389 μηδένα
1188 3304 1293 3389 μηδὲν

263 3399 387 3488 ἀμισθὶ
395 3415 515 3485 ποιεῖν,
535 3400 607 3471 οὐδ’
618 3400 658 3491 ήν
669 3401 746 3484 τοὺς
758 3401 800 3471 τὰ
812 3409 951 3492 μέγιστα
963 3403 1169 3491 πράττοντας
1181 3402 1292 3492 ε’ίπης,

264 3499 351 3573 ὅπου
376 3506 461 3594 μηδὲ
484 3502 639 3591 βασιλεὺς
661 3503 760 3586 αῦτὸς
785 3504 935 3592 άμισθός
961 3504 1059 3575 ἐστιν.
1096 3500 1135 3572 οῦ
1162 3504 1293 3595 φόρους

262 3609 347 3695 λέγω
369 3604 447 3675 οῦδί
469 3606 628 3692 δασμοὺς,
656 3603 780 3676 δπόσοι
801 3606 895 3696 παρὰ
915 3613 981 3674 τῶν
1003 3604 1190 3696 ἀρχομένων
1213 3606 1295 3676 ἀπέ-

262 3734 347 3779 τεωι
360 3716 530 3800 φοιτῶσιν,
550 3707 619 3779 ἀλλ’
631 3708 703 3779 έστι
711 3712 846 3795 βασιλεῖ
854 3708 982 3795 μισθὸς
994 3714 1147 3797 μέγιστος
1157 3708 1294 3779 ἔπαινοι

262 3814 318 3880 καί
337 3808 358 3901 ἦ
380 3809 474 3900 παρὰ
495 3819 599 3882 πᾶσιν
620 3809 749 3882 εάκλεια
773 3815 829 3881 καί
849 3811 888 3881 τὸ
910 3810 969 3881 ἰπί
991 3823 1067 3892 ταῖς
1088 3807 1294 3902 εῦεργεσίαις

261 3921 534 4003 προσκυνεῖσθαι,
552 3915 608 3983 καί
626 3914 747 3996 εἰκόνες
764 3914 801 3983 δὲ
817 3916 873 3982 καὶ
885 3911 947 4003 νεῴ
960 3915 1016 3982 καί
1027 3919 1154 4003 τεμένη,
1175 3908 1293 3983 δπόσα

261 4013 355 4106 παρὰ
379 4023 446 4086 τῶν
472 4015 657 4106 ἀρχομένων
683 4016 806 4103 έχουσι,
838 4018 962 4103 μισθοί
986 4018 1042 4087 καί
1070 4016 1178 4087 ταῦτά
1203 4016 1293 4087 εἰσιν
1347 4102 1348 4107 ¹
