2740 4648
110 236 113 245 ’
138 243 234 302 xm
247 230 348 300 Πευι
364 242 447 300 σου
463 245 538 301 mu
554 245 691 325 Μιῑοη
709 247 945 302 Συαουυυιε
957 246 1065 303 υυ-υε.
1086 235 1149 301 257

119 347 231 435 λοβῶν
249 345 270 437 ἢ
285 348 404 438 λῃστὴς
418 346 606 432 ἀπεδίδοτο,
627 347 777 438 ᾤκτειρες
790 348 831 418 ἀν
845 350 982 420 σεαυτὸν
997 349 1043 431 ῶς
1055 351 1149 440 παρὰ

118 451 179 540 τὴν
197 450 292 533 ἀξίαν
310 452 543 535 δυστυχοῦντα,
566 448 588 540 ἢ
606 453 639 520 εἴ
652 458 704 533 τίς
722 478 781 520 σου
800 450 981 539 λαβόμενος
996 444 1054 542 ἦγε
1072 456 1150 524 δοῦ-

120 557 178 623 λον
196 548 281 623 εἶναι
297 555 409 640 λέγων,
432 551 530 639 ἐβόας
548 551 587 624 ἀν
604 554 682 634 τοὺς
698 556 820 642 νόμους
836 559 891 623 καὶ
914 554 1004 624 δεινὰ
1023 556 1148 639 ἐποίεις

119 659 177 724 καὶ
193 652 384 743 ἠγανάκτεις
400 658 465 738 καί,
485 648 513 725 ὦ
530 664 570 745 γῆ
587 662 644 724 καὶ
659 661 748 739 θεοὶ,
767 658 892 747 μεγάλη
909 664 949 747 τῇ
968 664 1061 749 φωνῇ
1080 658 1149 728 ἐκε-

119 758 251 846 κράγεις
268 753 318 837 ἀν,
338 755 474 828 σεαυτόν
492 759 528 827 δὲ
546 756 664 847 όλίγων
679 759 770 827 ἕνεκα
782 757 910 846 δβολῶν
924 759 956 828 ἐν
970 761 1077 849 τούτῳ
1090 767 1149 850 τῆς

72 918 74 922 ,
119 857 262 948 ἡλικίας,
290 854 419 929 ότεκαὶ
436 861 466 928 εἰ
484 861 586 951 φάσει
603 863 721 941 δοῦλος
737 853 843 951 ἦσθα,
870 860 985 953 καιρὸς
1006 853 1045 951 ἦν
1062 862 1149 952 πρὸς

119 961 313 1051 ἐλευθερίαν
326 958 387 1051 ἤδη
396 960 491 1052 δρᾶν,
511 960 593 1053 αότῇ
607 961 706 1054 ἀρετῇ
719 968 775 1032 καὶ
789 954 1031 1055 οοφίφλφέρων)
1038 961 1151 1055 ἀπημ-

119 1065 281 1152 πόληκας,
310 1062 386 1132 οάδδ
402 1064 479 1146 τοὺς
500 1060 644 1146 πολλοὺς
667 1066 806 1148 ἐκείνους
828 1068 944 1154 λόγους
967 1058 1164 1152 αἰδεσθείς,

44 1168 49 1175 ¹
119 1166 180 1247 οὓς
196 1164 215 1235 δ
233 1165 333 1247 καλός
348 1168 487 1245 Πλάτων
503 1165 525 1256 ἢ
543 1166 561 1237 ό
579 1166 780 1258 Χρόσιππος
796 1166 1049 1260 ἢίίριστοτέλης
1063 1171 1150 1253 διεξ-

118 1270 305 1357 εληλύθασι
321 1267 359 1337 τό
377 1271 436 1354 μὲν
454 1269 641 1365 ἐλευθέριον
658 1270 881 1353 ἐπαινοῦντες,
907 1270 946 1339 τό
967 1274 1149 1358 δουλοπρε-
1366 1348 1367 1365 η

118 1374 183 1452 πές
205 1372 242 1439 δὲ
264 1372 510 1458 διαβάλλοντεςς
535 1377 590 1442 καὶ
613 1371 672 1442 οόκ
694 1374 828 1463 αἰσχύνη
854 1375 986 1456 κόλαξιν
1014 1370 1149 1465 ἀνθρά-
1271 1465 1274 1471 Ᾰ
1366 1374 1367 1435 ἶ

119 1500 201 1557 ποις
217 1476 273 1541 καὶ
290 1471 460 1564 ἀγοραίοις
480 1477 536 1542 καί
556 1477 763 1563 βωμολόχοις
785 1473 1072 1562 ἀντεξεταζόμενος
1093 1480 1149 1545 καὶ

120 1575 156 1646 ἐν
173 1576 322 1664 τοσούτῳ
339 1577 467 1673 πλήθει
484 1573 608 1665 ἀοτικῴ
624 1579 725 1662 μόνος
742 1580 871 1661 ξενίζων
884 1586 932 1667 τῷ
946 1587 1081 1669 τρίβωνι
1093 1582 1149 1647 καὶ

119 1679 274 1768 πονήρως
290 1678 348 1768 τὴν
361 1675 526 1763 Ῥωμαίων
543 1679 655 1769 φωνὴν
675 1681 890 1770 βαρβαρίζων,
915 1679 987 1750 εἶτα
1006 1684 1148 1751 δειπνῶν

119 1783 241 1850 δεῖπνα
257 1782 437 1871 θορυβώδη
450 1783 506 1849 καὶ
518 1783 773 1868 πολυάνθρωπα
786 1785 971 1870 συγκλύδων
983 1791 1080 1852 τινῶν
1092 1786 1149 1851 καὶ

119 1891 187 1953 τῶν
203 1886 367 1952 πλείστων
383 1890 578 1973 μοχθηρῶνς
600 1887 656 1952 καὶ
678 1884 711 1953 ἐν
729 1882 842 1965 αὐτοῖς
864 1884 1010 1965 ἐπαινεῖς
1032 1912 1149 1975 φορτι-

120 1993 188 2066 κῶς
205 1988 261 2053 καὶ
278 1993 385 2065 πίνεις
402 1991 489 2075 πέρα
506 1992 564 2054 τοῦ
581 1993 722 2076 μετρίως
740 1987 882 2072 ἐχοντος,
902 1986 1009 2056 ἕωθέν
1027 2013 1063 2055 τε
1080 1984 1147 2055 όπδ

119 2089 252 2159 κώδωνι
269 2086 447 2169 ἐξαναστάς
465 2086 728 2172 ἀποσεισάμενος
748 2097 808 2159 τοῦ
826 2087 931 2158 όπνοο
953 2087 992 2157 τό
1015 2084 1148 2177 ἥδιστον

120 2196 344 2278 συμπεριθεῖς
362 2186 429 2258 ἀνω
447 2193 501 2258 καὶ
514 2191 602 2259 κάτω
617 2191 666 2260 ἔτι
678 2190 736 2261 τόν
746 2191 864 2276 χθιζὸν
879 2192 959 2275 ἔχων
971 2188 1076 2281 πηλὸν
1090 2189 1148 2259 ἐπὶ

120 2304 192 2360 τοῖν
211 2295 347 2361 σκελοῖν.
384 2288 488 2373 οάτως
506 2290 631 2383 ἀπορία
647 2300 707 2380 μέν
725 2321 762 2363 σε
784 2302 919 2382 θέρμων
937 2295 1027 2378 ἔσχεν
1044 2291 1066 2383 ἢ
1082 2299 1148 2362 τῶν

121 2391 244 2483 ἀγρίιον
262 2395 423 2478 λαχάνων,
451 2394 609 2464 ἐπέλιπον
627 2398 663 2464 δέ
680 2401 735 2464 καὶ
753 2398 789 2465 αἱ
806 2405 919 2487 κρῆναι
937 2401 1072 2489 ῥέουσαι
1088 2400 1147 2465 τοῦ

121 2504 251 2586 ψυχροῦ
269 2494 402 2579 ὕδατος,
431 2493 477 2577 ῶς
494 2495 550 2566 ἐπὶ
567 2500 671 2566 ταῦτά
695 2525 732 2567 σε
749 2498 804 2568 ὑπ’
821 2498 1001 2590 ἀμηχανίας
1020 2499 1148 2583 ἐλθεῖν,·

111 2597 207 2679 ,ἀλλὰ
224 2602 320 2688 δῆλον
339 2597 384 2681 ῶς
403 2597 461 2684 οόχ
478 2596 598 2680 ἀδατος
616 2598 694 2669 οάδέ
707 2608 850 2691 θέρμων,
870 2600 954 2669 ἀλλά
966 2602 1147 2686 πεμμάτων

3 2760 5 2783 ,
122 2705 180 2769 καί
197 2698 290 2789 όφων
307 2705 363 2770 καί
381 2704 470 2773 οῖ’νου
490 2699 676 2790 ἀνθοσμίου
695 2702 871 2789 ἐπιθυμῶν
893 2702 1012 2785 ἑάλως,
1038 2702 1150 2770 καθά-

3 2824 5 2831 ’
121 2830 187 2893 περ
205 2803 223 2873 ό
245 2807 373 2895 λάβραξ
393 2803 491 2874 αὐτὸν
513 2805 603 2891 μάλα
626 2808 761 2887 δικαίως
780 2804 839 2874 τόν
860 2802 1052 2893 ὀρεγόμενον
1073 2804 1150 2873 τοό-

121 2933 187 2976 των
196 2907 313 2995 λαιμόν
323 2910 506 2998 διαπαρείς.
534 2907 627 2998 παρὰ
635 2909 746 2989 πόδας
751 2916 925 2998 τοιγαροῦν
938 2915 996 2998 τῆς
1008 2912 1149 2993 λιχνείας

121 3011 242 3097 ταύτης
263 3010 451 3100 τάπίχειρα,
478 3014 534 3079 καὶ
555 3008 668 3101 ῶσπερ
691 3013 724 3080 οἱ
744 3018 888 3102 πίθηκοι
911 3013 1024 3093 δεθεὶς
1048 3016 1149 3100 κλοιῷ

120 3112 179 3181 τὸν
196 3114 353 3202 τράχηλον
371 3111 484 3192 ἀλλοις
499 3116 558 3198 μέν
569 3118 696 3202 γέλωτα
708 3121 872 3209 παρέχεις,
892 3121 1019 3204 σεαυτῷ
1038 3117 1074 3184 δὲ
1093 3116 1149 3183 δο-

120 3227 191 3291 κεῖς
212 3219 352 3300 τρυφάν,
381 3209 434 3282 ότι
455 3214 526 3282 ’ἐστι
544 3239 599 3284 σοι
614 3223 680 3285 τῶν
699 3217 841 3300 ἰσχάδων
859 3214 1020 3307 ἀφθόνως
1038 3216 1150 3303 ἐντρα-

121 3327 207 3406 γεῖν·
229 3311 249 3401 ἡ
268 3314 305 3382 δὲ
322 3314 495 3403 ἐλευθερία
511 3316 622 3384 καὶτὸ
641 3315 765 3402 εὐγενὲς
787 3316 899 3399 αὐτοῖς
921 3323 1077 3407 φυλέταις
1093 3321 1149 3384 καί

122 3417 287 3509 φράτερσι
305 3418 434 3507 φροῦδα
451 3418 561 3485 πάντα
577 3421 632 3485 καὶ
650 3415 726 3485 οόδέ
742 3420 850 3507 μνήμη
867 3445 919 3500 τις
937 3416 1054 3487 αὐτῶν.
1093 3421 1149 3486 καὶ
1166 3437 1200 3488 25

123 3517 309 3609 ἀγαπητόν,
337 3519 368 3587 εί
392 3519 492 3604 μόνον
517 3518 557 3586 τό
584 3517 721 3609 αἰσχρόν
746 3528 874 3609 προσῆν
898 3527 946 3609 τῷ
967 3520 1146 3611 πράγματι,

53 3616 61 3625 ’
125 3623 243 3693 δοῦλον
261 3618 327 3692 ἀντ>
343 3621 519 3713 ἐλευθέρου
538 3624 665 3704 δοκεῖνγ
677 3623 711 3691 ολ
734 3624 770 3691 δὲ
787 3623 887 3691 πόνοι
907 3622 952 3710 μὴ
970 3621 1053 3691 κατὰ
1071 3620 1149 3702 τοὺς

123 3724 212 3795 πάνυ
230 3727 368 3807 τούτους
385 3724 521 3806 οίκίτας.
548 3721 616 3793 ἀλλ’
628 3720 691 3815 όρα
708 3726 738 3794 εἰ
754 3725 958 3815 μετριώτερά
976 3749 1030 3794 σοι
1043 3750 1149 3816 προσ-

123 3832 279 3898 τέτακται
303 3835 369 3901 τῶν
389 3828 544 3916 Δρόμωνι
569 3831 625 3896 καί
649 3834 749 3917 Τιβίιρ
771 3833 1075 3918 προστεταγμένων·
1102 3818 1148 3896 τόν

125 3932 186 4017 μὲν
208 3929 270 4021 γάρ
288 3932 379 4003 ἕνεκα
398 3940 469 4011 τῶν,
480 3931 885 4021 μαθημάτωνέπιθυμεῖν
902 3931 1013 4022 φήσας
1029 3935 1147 4021 παρεί-

124 4034 212 4130 ληφέ
229 4059 279 4115 σε,
300 4032 408 4124 ἀλίγον
426 4033 515 4126 αὐτῷ
531 4038 633 4123 μέλει.
667 4040 703 4103 τί
717 4033 780 4123 γὰρ
797 4032 918 4118 κοινὸν,
941 4038 1041 4123 φασὶ,
1064 4034 1147 4124 λόρηι

177 4136 271 4181 λαοῖσιν·
284 4138 355 4183 vom.
945 4138 979 4192 17
