2740 4648
237 253 306 322 268
623 264 879 323 ΔΟΥΚΙΑΝΟΥ

237 370 366 461 πλήθει
383 371 523 453 δειχθέν,
543 366 589 450 ῶς
607 369 640 438 οί
656 369 732 437 τότε
749 366 992 456 ἀκροασάμενοι
1010 368 1185 457 διηγοῦντο,
1203 375 1255 441 καλ

239 473 310 565 ίδίηι
326 470 420 562 παρὰ
436 484 507 552 τοῖς
523 472 808 557 πεπαιδευμένοις,
828 467 953 539 δπόσοι
967 467 1092 557 ὁμιλεῖν
1104 468 1191 561 αύτῷ
1202 475 1255 541 καλ

239 574 295 646 διὰ
309 573 419 665 χειρὸς
436 572 518 658 ’ἔχειν
535 570 695 661 ἠξίωσαν·
712 567 782 662 ἥτε
795 570 857 662 γὰρ
869 578 936 642 τῶν
949 573 1054 661 λόγων
1070 573 1254 664 παρασκευὴ

238 674 277 747 οῦ
294 674 427 766 μεμπτὴ
445 678 502 744 καί
517 672 538 764 ἡ
556 675 688 764 ἱστορία
708 673 816 763 πολλὴ
837 677 894 743 καὶ
915 672 1071 762 ἐμπειρία
1091 681 1156 743 τῶν
1172 703 1255 765 πρα-

235 780 369 871 γμάτων
385 781 441 847 καί
458 775 512 847 ότι
529 777 650 846 ἕκαστα
667 783 785 868 σαφῶς
806 775 948 866 ίλέγετο,
970 774 1081 845 καὶτὸ
1099 781 1256 864 μέγιστοι,

237 879 291 953 ότι
305 882 452 971 χρήσιμα
468 887 572 949 πᾶσιν
588 870 636 969 ἦν,
653 882 711 949 καί
726 878 872 966 μάλιστα
887 891 959 959 τοῖς
975 879 1256 964 πεπαιδευμένοις,
1321 940 1327 973 ,Ι

237 980 284 1066 ὥς
308 982 354 1075 μὴ
378 980 435 1052 ἀπ’
451 980 584 1071 ἀγνοίας
610 989 700 1072 σφῦς
726 978 845 1063 αύτούς
866 980 901 1062 ίς
922 982 1073 1049 δουλείαν
1094 977 1257 1068 ἀπάγοιεν.

186 1109 188 1113 ’
237 1085 312 1156 έπεί
338 1088 377 1155 δέ
401 1111 457 1155 σοι
481 1087 635 1172 μετέδοξε
658 1088 778 1171 βελτίω
804 1091 910 1153 ταῦτα
934 1079 1021 1151 εἶναι
1041 1083 1099 1151 καί
1123 1080 1181 1172 τὴν
1205 1084 1260 1167 μέν

237 1188 428 1276 ἐλευθερίαν
444 1185 554 1277 μακρὰ
570 1192 694 1278 χαίρειν
712 1186 777 1271 ἀάν,
802 1187 946 1276 ζηλῶσαι
964 1186 1001 1255 δδ
1016 1182 1056 1253 τὸ
1069 1181 1259 1273 ἀγεννέστα-

236 1316 294 1362 τον
312 1292 414 1362 ίκεῑνο
433 1291 583 1377 ἰαμβεῖον

382 1389 468 1461 ὅπου
486 1392 525 1461 τό
542 1394 669 1483 κέρδος,
689 1391 782 1481 παρὰ
800 1392 899 1483 φύσιν
917 1393 1118 1495 δουλευτέον,

238 1492 302 1584 ἀρα
327 1491 422 1576 ὅπως
450 1496 566 1583 μηδείς
596 1494 646 1563 ύτι
671 1492 847 1564 ἀκούσεταί
877 1519 936 1563 σου
968 1491 1261 1583 ἀναγιγνώσκοντος

236 1595 332 1681 αὐτὸ,
356 1594 440 1665 ἀλλὰ
461 1594 539 1684 μηδ’
555 1595 645 1686 άλλφ
667 1597 840 1687 παράσχῃς
860 1602 927 1665 τῶν
947 1592 1003 1665 τὸν
1025 1597 1180 1687 παρόντα
1205 1620 1259 1664 σου

233 1706 308 1788 βίον
330 1697 482 1788 ὁρῶντων
505 1698 662 1767 ἀπελθεῖν
684 1698 726 1766 τὰ
749 1703 966 1788 γεγραμμένα,
995 1696 1095 1783 εύχου
1119 1700 1156 1769 δὲ
1169 1696 1261 1788 Ἐρμῇ

233 1808 282 1891 τῷ
301 1807 430 1890 χθονίῳ
451 1804 593 1869 καὶτῶν
615 1799 801 1890 ἀκηκοότων
823 1802 984 1890 πρότερον
1005 1799 1136 1891 πολλὴν
1162 1801 1261 1889 λήθην

234 1904 487 1984 κατασκεδάσαι,
506 1900 528 1990 ἢ
547 1904 653 1985 δόξεις
669 1910 717 1990 τῷ
734 1910 794 1970 τοῦ
811 1908 992 1989 Κορινθίου
1009 1903 1131 1987 μύθου
1149 1904 1262 1972 ταυτόν

233 2033 268 2075 τι
285 2010 506 2086 πεπονθέναι,
528 2003 612 2073 κατὰ
629 2012 752 2073 σαυτοῦ
771 2002 789 2073 ό
806 2006 1077 2095 Βελλεροφόντης
1094 2003 1260 2096 γεγραφὼς

233 2108 273 2177 τό
289 2111 433 2195 βιβλίον·
450 2106 498 2192 μὰ
515 2106 577 2195 γὰρ
595 2106 653 2175 τὸν
670 2105 725 2175 Δί’
742 2105 800 2190 ούχ
818 2103 886 2195 ὁρῶ
903 2106 961 2196 τὴν
978 2104 1179 2195 ἀπολογίαν,
1197 2103 1262 2194 ἥτις

235 2206 275 2278 ἀν
293 2208 515 2298 εύπρόσωπός
529 2233 583 2277 σοι
594 2214 722 2297 γένοιτο
735 2208 821 2299 πρὸς
833 2208 909 2289 τοὺς
920 2216 1196 2300 κατηγοροῦντας,
1212 2209 1263 2275 καί

233 2312 392 2397 μάλιστα,
419 2307 459 2399 ἢν
481 2309 539 2380 σύν
561 2314 679 2400 γέλωτι
701 2310 782 2380 αότὸ
804 2317 948 2380 ποιῶσιν
973 2310 1191 2392 ἐπαινοῦντες
1209 2311 1262 2396 μέν

232 2410 276 2481 τδι
297 2417 503 2501 γεγραμμένα
522 2415 579 2481 καὶ
599 2412 656 2502 τὴν
678 2413 712 2481 ἐν
734 2411 848 2492 αύτσῖς
870 2412 1079 2501 ἐλευθερίαν,
1110 2411 1264 2484 αύτὸνδλ

143 2510 150 2528 ’
232 2512 291 2584 τὸν
317 2520 506 2605 συγγραφέα
532 2516 729 2584 δουλεύοντα
755 2512 894 2604 δρῶντες
917 2518 972 2583 καί
1002 2514 1126 2584 ἑκόντα
1151 2515 1264 2586 ύποτα

197 2639 216 2686 4
233 2620 337 2685 θέντα
353 2614 410 2686 τὸν
433 2613 551 2703 αύχένα
571 2624 619 2706 τῶ
638 2619 738 2706 ζυγῷ.
775 2614 833 2686 σύκ
854 2614 1016 2687 ἀπεικότα
1036 2625 1124 2706 γοῦν
1146 2622 1266 2708 λίγεια

232 2714 281 2800 ἀν,
305 2719 337 2787 εί
357 2721 481 2807 λέγοιεν
503 2716 578 2811 ἤτοι
598 2717 699 2788 ἀλλου
721 2746 781 2790 του
802 2727 949 2808 γενναίου
972 2719 1099 2809 ἀνδρὸς
1122 2716 1264 2792 εἶναιτὸ

230 2824 360 2908 βιβλίον
380 2824 436 2890 καί
457 2824 495 2891 σε
519 2822 577 2891 τὸν
601 2820 732 2891 κολοιὸν
754 2821 939 2912 ἀλλοτρίοις
963 2839 1107 2912 πτεροῖς
1130 2823 1267 2914 ἀγάλλε-

233 2928 332 3005 σθαι,
358 2920 381 3011 ἢ
398 2924 492 3013 ε’ίπερ
511 2925 570 2992 σόν
588 2923 688 3006 ἐστιν,
717 2920 818 3009 όμοιό
836 2949 873 2993 σε
889 2930 937 3014 τῷ
953 2928 1124 3016 Σαλαίθῳ
1147 2937 1265 3005 ποιεῖν,

232 3023 270 3104 ὃς
286 3025 486 3113 πικρότατον
497 3024 581 3094 κατά
593 3033 718 3111 μοιχῶν
729 3039 801 3107 τοῖς
812 3028 1059 3112 Κροτωνιάταις
1072 3031 1183 3115 νόμον
1195 3031 1269 3105 θείς

233 3128 289 3193 καί
306 3127 560 3212 θαυμαζόμενος
578 3124 629 3196 ἀπ’
640 3125 728 3216 αύτῷ
745 3128 828 3214 μετὰ
840 3127 956 3219 μικρὸν
969 3126 1073 3210 αύτὸς
1087 3131 1182 3199 ἑάλω
1197 3154 1269 3217 μοι·

231 3227 336 3312 χεύων
353 3235 412 3296 τοῦ
434 3226 580 3318 ἀδελφοῦ
601 3228 659 3319 τὴν
680 3243 825 3316 γυναῖκα.
860 3234 939 3320 περὶ
960 3230 1054 3299 πόδα
1078 3239 1196 3302 τοίνυν
1217 3232 1270 3298 καί

232 3331 270 3399 σί
290 3328 349 3398 τὸν
369 3332 542 3401 Σάλαιθον
568 3332 689 3401 ἐκεῖνον
710 3330 794 3401 εἶναι
817 3338 898 3422 φαίη
920 3358 972 3413 τις
994 3330 1051 3401 ἀν·
1081 3337 1215 3421 μᾶλλον
1236 3331 1270 3400 δί

230 3431 318 3501 πολὺ
335 3422 554 3525 μεύριῶτερσς
571 3434 705 3517 ἐκεῖνος,
724 3433 822 3525 έρωτι
838 3435 897 3520 μὲν
915 3422 1028 3517 ἀλαός,
1055 3433 1108 3518 ῶς
1128 3438 1271 3528 ἕφασκεν

231 3532 509 3624 ἀπολογούμενος,
537 3536 618 3606 ύκῶν
636 3538 672 3605 δὲ
689 3538 780 3622 μάλα
802 3534 954 3626 εὐψύχως
976 3536 1010 3621 ές
1029 3537 1073 3608 τδ
1098 3547 1175 3631 πῦρ
1195 3536 1272 3609 ἆλό·
1336 3614 1337 3621 ¹

229 3663 340 3723 μενος,
363 3645 472 3727 καίτοι
490 3638 663 3708 ἐλεούντων
682 3637 780 3709 αύτὸν
796 3637 860 3730 ἤδη
877 3649 1123 3728 Κροτωνιατῶν
1147 3646 1206 3710 καὶ
1225 3641 1272 3708 έν-

231 3741 387 3811 διδόντων
404 3755 528 3830 φυγεῖν,
548 3742 579 3810 εί
590 3743 758 3827 βούλοιτο.
785 3741 823 3811 τὸ
843 3745 880 3812 δὲ
897 3742 955 3813 σὸν
972 3741 1012 3812 ού
1029 3744 1136 3835 παρὰ
1154 3740 1272 3831 μικρὸν

231 3839 452 3933 ἀτοπώτερον,
472 3841 683 3934 ἀκριβοῦντος
698 3846 758 3930 μἐν
775 3844 808 3915 ἓν
824 3859 897 3927 τοῖς
912 3848 1023 3936 λόγοις
1038 3844 1106 3935 τὴν
1123 3854 1191 3917 τοῦ
1204 3872 1272 3915 τοι-

231 3946 329 4014 ούτου
346 3952 423 4032 βίου
443 3948 706 4034 δουλοπρέπειαν
727 3949 784 4017 καί
804 3956 1079 4038 κατηγοροῦντος,
1111 3951 1150 4019 εἰ’
1170 3977 1224 4031 τις
1241 3946 1273 4028 ές

230 4050 392 4117 πλουσίου
409 4046 499 4130 τινὸς
521 4047 674 4134 έμπεοῶν
696 4056 752 4120 καί
772 4055 950 4144 καθείρξας
972 4048 1097 4121 ἑαυτὸν
1118 4052 1272 4138 ἀνέχοιτο
