2740 4648
241 248 306 315 270
622 246 876 316 Λοεειεαοε
970 296 981 314 ⁴.

239 367 364 435 κόλπον
381 365 511 444 πτύσας
528 364 690 453 πρότερον
706 361 818 453 ἠξίους
834 377 1024 453 κατηγορεῖν
1040 372 1104 435 τῶν
1117 362 1172 435 διά
1183 392 1257 438 ποι-

208 472 334 549 τκίλας
358 466 451 548 τινὰς
476 468 577 551 τύχας
601 474 739 535 τοιαῦτα
765 467 923 555 πράττειν
952 464 1187 562 ὑπομενόντων.
1227 470 1257 540 εἰ

239 578 318 659 γοῦν
334 567 504 639 ὑπόθοιτό
522 596 573 650 τις
589 575 637 658 τῷ
655 569 741 658 λόγω
760 568 819 638 τὸν
832 570 988 661 Αἰσχίνην
1004 560 1090 655 μετδι
1104 569 1160 660 τὴν
1179 570 1257 640 κατὰ

239 679 300 741 τοῦ
321 672 484 759 Τιμάρχου
503 677 698 763 κατηγορίαν
720 667 819 742 αὑτὸν
841 669 967 742 ὑλῶναι
986 674 1043 743 καί
1064 679 1258 764 φωραθῆναι

238 772 281 842 τὰ
304 769 407 859 ὑμοια
428 775 613 859 πάσχοντα,
640 774 748 855 πόσον
771 772 811 843 ἀν
834 776 897 845 οἰει
918 775 1012 864 παρὰ
1028 781 1094 844 τῶν
1116 773 1260 864 δρώντων

198 899 201 907 ’
237 881 395 967 γενέσθαι
411 876 469 947 τὸν
486 880 626 965 γέλωτα,
654 876 685 946 εἰ
705 884 866 968 Τίμαρχον
882 879 941 964 μὲν
958 876 1099 968 ηύθυνεν
1121 878 1178 948 έπὶ
1193 890 1259 961 τούς

238 976 315 1047 καθ’
327 975 416 1071 δέραν
432 976 681 1070 ἡμαρτημένοις,
702 977 801 1062 αύτδς
819 981 854 1049 δὲ
870 986 973 1069 γέρων
990 979 1053 1071 ἤδη
1065 989 1203 1051 τοιαῦτα
1217 981 1260 1062 εἰς

239 1080 354 1151 ἑαυτὸν
376 1084 574 1172 παρανόμοις
599 1080 637 1150 τὸ
661 1081 692 1150 δ’
708 1078 785 1150 ὑλον
808 1081 918 1171 έκείνῳ
940 1090 988 1172 τη]
1014 1084 1259 1173 φαρμακοπώλῃ

239 1184 356 1266 έοικας,
376 1183 414 1267 ὃς
431 1182 665 1274 ἀποκηρύττων
681 1184 782 1272 βηχὸς
796 1186 969 1275 φάρμακον
980 1188 1037 1253 καί
1050 1183 1168 1254 αὐτίκα
1179 1186 1261 1254 παύ·

240 1313 309 1357 σειν
325 1285 402 1367 τοὺς
419 1288 609 1371 πάσχοντας
630 1283 888 1373 ὑπισχνούμενος
910 1284 1010 1368 αύτὸς
1031 1286 1155 1373 μεταξὺ
1174 1289 1262 1357 σπύ-
1342 1312 1343 1361 1

203 1408 335 1477 8μενος
355 1386 423 1458 ὑπὸ
444 1388 545 1478 βηχὸς
566 1387 728 1478 ἐφαίνετο.
763 1397 870 1458 ταῦτα
894 1392 953 1476 μέν
978 1394 1033 1459 καλ
1061 1388 1104 1459 τὰ
1130 1397 1261 1459 τοιαῦτα

181 1570 185 1579 Ι
237 1491 347 1560 ’πολλὰ
369 1492 464 1581 ἕτερα
486 1493 579 1560 ε’ίπσι
599 1517 651 1571 τις
673 1488 713 1560 ἀν
736 1492 807 1573 οἰος
828 1491 868 1561 σὺ
894 1500 1084 1582 κατηγορῶν
1109 1491 1142 1561 ἰν
1166 1488 1263 1572 οὑτως

237 1592 430 1684 ἀμφιλαφεῖ
444 1600 484 1684 τῇ
502 1591 667 1663 ὑποθέσει
683 1597 739 1662 καὶ
751 1601 871 1684 μυρίας
883 1595 943 1676 τὰς
956 1593 1115 1685 ἀφορμὰς
1127 1619 1262 1684 παρεχο-

236 1702 332 1787 μένῃ·
354 1694 417 1784 έγώ
437 1698 473 1764 δέ
490 1692 551 1785 ἤδη
571 1704 686 1766 σκοπῶ
704 1693 817 1786 ἥντινα
832 1699 1092 1788 καλ-τράπωμαι
1109 1696 1195 1788 πρὸς
1211 1695 1262 1785 τηε

239 1796 432 1886 ἀπολογίαν.
468 1790 533 1889 ἀρά
550 1825 610 1885 μοι
626 1801 813 1899 κράτιστον,
841 1798 1129 1888 ἐθελοκακήσαντα
1150 1803 1205 1866 καί
1223 1795 1262 1866 τὰ
1341 1782 1343 1803 ¹

236 1907 325 1969 νῶτα
343 1899 590 1991 ἰπιστρέψαντα
611 1905 668 1969 καὶ
690 1899 814 1971 ἀδικεῖν
836 1899 894 1969 ούκ
916 1900 1115 1993 ἀρνούμενον
1138 1901 1196 1971 έπί
1211 1899 1262 1989 τὴν

235 2002 343 2091 κοινὴν
370 2002 491 2092 ἐκείνην
520 2001 705 2091 ἀπολογίαν
718 2036 720 2043 s
734 2017 933 2094 καταφυγεῖν
959 2043 1001 2055 —-
1026 2008 1114 2094 λέγω
1146 2006 1183 2074 δί
1210 2000 1261 2093 τὴν

239 2106 341 2194 Τύχην
357 2108 413 2173 καὶ
429 2117 558 2195 Μοῖραν
578 2110 634 2174 καὶ
650 2107 858 2196 Εἱμαρμένην
879 2144 922 2156 -
943 2110 998 2175 καὶ
1020 2112 1263 2197 παραιτεῖσθαι

236 2208 425 2295 συγγνώμην
440 2207 523 2293 έχειν
536 2235 595 2293 μοι
607 2208 684 2289 τοὺς
699 2208 920 2294 ἐπιτιμῶντας
934 2209 1066 2291 εἰδότας
1081 2204 1129 2292 ιὺς
1139 2205 1263 2288 οὐδενὸς

234 2308 330 2400 ἡμεῖς
346 2311 468 2401 κύριοι,
497 2307 566 2378 ἀλλ’
577 2309 645 2379 ὑπό
664 2337 751 2392 τινος
768 2308 962 2400 κρείττονος,
989 2316 1117 2397 μᾶλλον
1137 2315 1175 2381 δέ
1190 2317 1264 2399 μιᾶς

234 2418 301 2480 ταῖν
326 2418 571 2501 προειρημένων
597 2411 752 2502 ἀγόμεθα
778 2411 835 2497 ούχ
860 2413 999 2496 ἑκόντες,
1032 2412 1106 2482 ἀλλ’
1127 2412 1266 2484 ἀναίτιοι

235 2515 450 2584 παντάπασιν
469 2513 559 2597 ὄντες
573 2508 627 2583 ’ὧν
649 2521 782 2604 λέγομεν
799 2514 821 2606 ἢ
843 2523 1020 2602 ποιοῦμεν,·
1047 2514 1070 2606 ἢ
1092 2525 1195 2586 τοῦτο
1212 2515 1265 2601 μὲν

227 2618 352 2708 ’κομιδῇ
376 2617 555 2700 ἰδιωτικὸν,
582 2626 638 2686 καλ
661 2616 732 2687 οὐδ’
748 2616 788 2686 ἀν
811 2619 850 2687 σύ
869 2645 923 2705 με,
952 2610 980 2686 αἰ
1003 2620 1166 2709 φιλότης,
1195 2615 1269 2686 ἀνύ-

235 2743 328 2804 σχοιο
354 2721 507 2809 τοιαύτην
534 2718 717 2809 ἀπολογίαν
741 2722 979 2809 προϊσχόμενον
1004 2725 1060 2789 καὶ
1091 2724 1267 2812 συνήγορον

232 2821 290 2890 τὸν
300 2818 437 2912 ιΌμηρον
454 2825 757 2912 παραλαμβάνοντα
778 2827 832 2891 καὶ
849 2822 892 2891 τὰ
914 2824 1034 2893 ἐκείνου
1058 2825 1128 2915 ἔπη
1153 2828 1270 2917 ῥαψῳ-

235 2925 364 3005 δοῦντα,

275 3037 404 3116 Μοῖραν
422 3022 454 3094 δ
470 3023 583 3095 ούτινά
601 3053 688 3117 φημι
704 3032 911 3118 πεφυγμένον
929 3026 1065 3113 έμμεναι
1084 3026 1229 3121 ἀνδρῶν,

232 3125 344 3197 καὶτὸ
818 3212 826 3219 .

338 3236 520 3320 Γεινομένφ
538 3231 675 3324 ἐπένησε
692 3236 784 3322 λίνῳ,
805 3228 861 3302 ὑτε
876 3261 933 3320 μιν
949 3239 1020 3301 τέκε
1035 3235 1163 3325 μήτηρ.

199 3356 215 3406 ε
234 3333 265 3402 εἰ
286 3333 323 3402 δέ
342 3340 460 3403 τοῦτον
482 3334 581 3426 ἀφεὶς
601 3335 658 3405 τὸν
684 3337 780 3425 λόγον
808 3333 854 3417 ὦς
883 3333 922 3404 ού
948 3337 1036 3404 πάνυ
1065 3335 1270 3420 ἀξιόπιστον

232 3436 335 3506 έκεῖνο
352 3440 493 3527 λέγοιμι,
512 3439 594 3527 μήτε
612 3436 680 3507 ὑπὸ
696 3439 870 3527 χρημάτων
886 3440 969 3527 μήτε
986 3436 1042 3508 ὑπ’
1054 3436 1164 3530 ἀλλης
1182 3438 1272 3517 τινὸς

232 3539 368 3620 έλπίδος
396 3541 551 3630 τοιαύτης
577 3542 769 3621 δελεασθεὶς
794 3538 978 3632 ὑποστῆναι
1003 3540 1061 3632 τὴν
1088 3549 1271 3631 παροῦσαν

233 3648 417 3725 συνουσίαν,
437 3639 521 3710 ἀλλὰ
533 3642 591 3733 τὴν
604 3645 733 3711 σύνεσιν
745 3646 801 3710 καί
814 3641 965 3734 ἀνδρείαν
973 3647 1029 3712 καί
1041 3647 1271 3733 μεγαλόνοιαν

231 3751 290 3813 τοῦ
308 3742 427 3834 ἀνδρὸς
443 3746 624 3830 θαυμάσας
642 3744 800 3835 ἰθελησαι
821 3754 1015 3836 κοινωνῆσαι
1035 3749 1202 3837 πράξεων
1224 3749 1271 3833 τῷ

231 3847 388 3935 τοιούτῳ,
425 3849 558 3916 δέδοικα
581 3846 627 3936 μὴ
653 3847 739 3937 πρὸς
763 3855 803 3939 τῇ
830 3849 1049 3939 ἐπιφερομένη
1080 3854 1271 3939 κατηγορίην

231 3954 401 4031 κολακείας
410 3951 519 4019 αἰτίαν
528 3949 726 4038 προσλαβὼν
738 3942 821 4041 κᾷτα
835 3950 1033 4043 εὑρίσκωμαι
1045 3948 1130 4040 ἥλῳ,
1154 3953 1270 4044 φασὶν,

234 4050 392 4142 ἐκκρούων
409 4053 466 4121 τὸν
482 4043 573 4143 ἧλον,
600 4057 655 4122 καί
671 4055 797 4140 μείζονί
816 4080 853 4143 γε
874 4054 931 4124 τὸν
952 4055 1168 4147 μικρότερον,
1198 4051 1270 4141 όσῳ
