2712 4628
366 235 476 290 XXIII.
502 234 758 290 ΑΡΜΟΝΙΔΗΣ
781 237 806 290 2.
823 236 848 290 3.
1057 221 1122 289 337

47 350 50 353 ’
92 357 164 423 τοῖς
182 339 306 430 ἀγῶσιν
328 341 361 409 οἱ
377 341 436 427 μέν
457 342 578 408 πολλοὶ
599 342 723 408 θεαταί
745 339 838 408 ἴσασι
859 346 1018 428 κροτῆσαί
1037 366 1122 411 ποτε

90 449 147 515 καὶ
166 448 308 532 συρίσαι,
327 450 475 532 κρίνουσι
492 442 528 510 δέ
544 440 632 513 ἑπτὰ
649 438 670 530 ἢ
687 447 786 510 πέντε
803 439 824 531 ἢ
842 437 918 510 ὅσοι
936 443 985 531 δή.
1017 451 1122 514 ταῦτα

92 545 111 615 ό
129 548 189 634 μὲν
204 545 393 635 Ἁρμονίδης
411 541 471 613 οάκ
488 544 579 635 ἐ’φθη
597 551 753 634 ποιῆσαι·
774 543 896 630 μεταξὺ
919 543 981 634 γὰρ
1001 544 1118 629 αὐλῶν,

36 670 37 675 ’
92 653 206 740 φασίν,
231 644 287 718 ὅτε
308 646 347 716 τὸ
370 653 502 737 πρῶτον
524 644 712 736 ἠγωνίζετο,
740 647 993 736 φιλοτιμότερον
1017 647 1132 738 ἐμφυ-·

93 758 162 821 σῶν
180 750 401 827 ἐναπέπνευσε
418 755 466 838 τῷ
485 745 574 837 αύλη]
590 752 647 816 καὶ
664 746 897 838 ἀστεφάνωτος
915 747 948 817 ἐν
966 756 1005 839 τῇ
1024 757 1122 840 σκηνῇ

93 851 247 923 ἀπέθανε
268 851 307 921 τὸ
331 849 412 921 αάτδ
435 853 491 919 καὶ
511 857 644 941 πρῶτον
670 854 726 919 καὶ
751 845 892 920 ὅστατον
918 848 1064 940 αὐλήσας
1091 851 1123 920 ἐν

93 968 165 1036 τοῖς
182 960 381 1035 Διονυσίοις.
416 951 436 1022 ό
457 959 571 1039 μέντοι
591 960 651 1022 τού
672 959 841 1039 Τιμοθέου
862 954 960 1042 λόγος
983 951 1041 1021 οὐκ
1064 939 1157 1025 οἷό-3

36 1138 37 1143 ¹
93 1061 209 1147 ληταϊς
231 1056 308 1126 ούδέ
325 1055 496 1146 ’Ἁρμονίδῃ
517 1057 617 1141 μόνω
642 1056 802 1146 εἰρῆσθαί
825 1082 885 1142 μοι
908 1058 1010 1139 δοκεῖ,
1039 1054 1124 1123 ἀλλὰ

36 1200 37 1205 1
92 1166 198 1228 πᾶσιν
216 1155 291 1229 ὅσοι
309 1160 407 1247 δόξης
425 1155 594 1248 ὀρέγονται
616 1158 776 1246 δημόσιόν
797 1186 831 1227 τι
853 1158 1122 1243 ἐπιδεικνύμενοι,

92 1267 153 1329 τοῦ
166 1259 260 1351 παρὰ
273 1268 339 1329 τῶν
352 1263 484 1329 πολλῶν
499 1260 636 1330 ἐπαίνου
652 1261 813 1346 δεόμενοι.
830 1258 935 1349 ἀγωγ
948 1253 1005 1330 σύν
1019 1258 1124 1328 ὁπότε

93 1366 149 1430 καὶ
168 1360 268 1444 αύτὸς
286 1363 432 1432 ἐνενόουν
448 1360 492 1430 τά
510 1359 612 1448 ὅμοια
629 1365 708 1452 περὶ
729 1370 796 1432 τῶν
814 1363 957 1448 ἐμαυτοῦ
979 1366 1036 1430 καὶ
1053 1362 1125 1450 ἐζή-

92 1491 171 1537 τουν
194 1461 289 1549 ὅπως
314 1463 354 1533 ἀν
379 1466 519 1549 τάχιστα
545 1471 730 1553 γνωσθείην
755 1473 856 1548 πᾶσι,
883 1472 930 1553 τῷ
957 1469 1123 1549 Τιμοθέου

37 1612 38 1615 =
91 1568 181 1655 λόγῳ
198 1566 361 1653 ἑπόμενος
383 1567 589 1656 ἐσκοπούμην
611 1563 703 1648 ὅστις
725 1565 742 1634 ὁ
771 1566 906 1657 ἀριστος
928 1568 978 1656 εἴη
999 1573 1065 1635 τῶν
1092 1566 1125 1639 ἐν

92 1676 133 1758 τῇ
159 1670 261 1738 πόλει
286 1673 342 1738 καί
369 1666 435 1757 ὅτηι
462 1669 700 1739 πιστεύσουσιν
726 1669 759 1737 οἱ
786 1667 881 1736 ἀλλοι
907 1673 963 1737 καὶ
989 1668 1026 1750 ὅς
1054 1667 1126 1736 ἀντὶ

93 1770 228 1840 πάντων
247 1769 411 1861 ἀρκέσειεν
429 1768 479 1840 ἀν.
512 1767 598 1839 οὸτω
617 1772 653 1841 δέ
672 1769 737 1859 ἀρα
755 1769 793 1839 σὺ
811 1770 942 1856 ἔμελλες
954 1768 1031 1858 ἡμῖν
1045 1777 1126 1860 φαί-

93 1881 216 1941 νεσθαι
233 1880 281 1961 τῷ
300 1874 417 1962 δικαίῳ
435 1874 537 1961 λόγῳ,
563 1869 583 1942 ὅ
603 1902 637 1942 τι
659 1899 722 1962 περ
743 1872 782 1940 τὸ
804 1874 985 1962 κεφάλαιον
1009 1870 1125 1959 ἀρετῆς

92 1971 245 2064 ἀπάσης,
270 1973 288 2041 ὁ
310 1975 456 2063 γνώμων,
481 1979 580 2064 φασὶ,
604 1978 660 2042 καὶ
683 1973 700 2043 ό
725 1973 829 2066 ὀρθὸς
847 1973 952 2042 κανὼν
973 1981 1038 2041 τῶν
1056 2000 1126 2041 του-

92 2079 208 2147 ούτων.
240 2078 270 2146 εἰ
288 2079 326 2145 δέ
343 2102 399 2146 σοι
417 2078 561 2162 δείξαιμι
578 2073 667 2162 τάμά
684 2080 740 2144 καὶ
757 2075 797 2145 σύ
818 2076 1026 2154 ἐπαινέσειας
1040 2072 1123 2143 αύτό

92 2219 134 2230 -
153 2181 203 2269 εἴη
221 2178 287 2269 γὰρ
307 2175 393 2247 οὸτω
412 2179 625 2269 φανήσεσθαι
642 2219 684 2230 —-
701 2182 756 2246 καὶ
776 2178 814 2267 δὴ
839 2177 896 2246 ἐπὶ
918 2184 1022 2266 πέρας
1040 2174 1126 2265 ἥκειν

90 2308 132 2368 με
153 2290 210 2372 τῆς
238 2282 373 2363 ἐλπίδος
396 2277 429 2350 έν
449 2288 512 2371 μιᾷ
532 2283 639 2371 ψήφῳ
666 2280 727 2360 τὰς
754 2278 889 2361 ἁπάσας
915 2275 1126 2374 λαβόντα.ἧῆ

88 2392 163 2454 τίνα
176 2385 243 2474 γὰρ
258 2381 298 2452 ἀν
309 2383 377 2473 πρὸ
393 2391 453 2453 σού
469 2383 620 2473 ἑλόμενος
635 2382 707 2466 ούχὶ
719 2388 924 2473 παραπαίειν
938 2379 978 2450 ἀν
993 2382 1127 2462 εἰκότως

92 2493 307 2575 νομισθείηνς
326 2484 412 2556 ἀίστε
429 2487 516 2574 λόγῳ
535 2486 593 2571 μέν
612 2482 662 2573 ἐφ’
674 2483 746 2565 ἑνὸς
764 2482 882 2574 ἀνδρὸς
899 2482 1126 2574 ἀναρρίψομεν

93 2590 151 2659 τὸν
169 2592 279 2676 κύβον,
302 2587 340 2657 τὸ
360 2586 391 2655 δ’
404 2587 528 2676 ἀληθές
551 2583 664 2676 ὥσπερ
688 2585 727 2655 ἀν
750 2587 780 2654 ελ
797 2585 874 2666 τοὺς
893 2583 1126 2668 ἁπανταχόθεν

36 2726 38 2729 ’
94 2689 302 2778 ἀνθρώπους
324 2693 524 2777 συγκαλέσας
546 2689 580 2771 ἐς
605 2688 714 2757 κοινὸν
740 2695 884 2776 θέατρον
911 2687 1127 2756 ἐπιδεικνυοί-

92 2819 158 2881 μην
175 2791 258 2875 τούς
272 2788 404 2879 λόγους·
428 2794 523 2879 δῆλον
544 2791 607 2882 γὰρ
631 2789 677 2872 τάς
698 2788 775 2859 καθ’
792 2790 849 2859 ἕνα
870 2812 906 2859 τε
923 2794 979 2858 καὶ
997 2790 1127 2875 συνάμα

95 2896 231 2964 πάντων
258 2897 508 2984 συνειλεγμένων
534 2896 635 2982 μόνος
662 2891 763 2974 αὐτὸς
789 2890 930 2978 ἀμείνων
957 2890 996 2960 ἀν
1022 2883 1125 2981 ἦσθα.

95 2995 130 3062 ολ
147 3002 206 3080 μέν
224 3022 260 3082 γε
277 3005 342 3066 τῶν
359 2999 629 3085 Λακεδαιμονίων
649 3000 812 3085 βασιλεῖς,
834 3002 900 3063 τῶν
923 2992 1031 3062 ἀλλων
1053 2993 1128 3062 έκά-

96 3121 176 3164 στου
190 3101 270 3179 μίαν
284 3105 399 3186 ψῆφον
413 3102 589 3190 φερόντων,
610 3100 728 3170 ἐκεῖνοι
739 3098 837 3185 μόνοι
851 3096 1002 3187 ἑκάτερος
1020 3094 1127 3165 αύταῖν

96 3199 157 3266 δύο
176 3197 306 3287 ἔφερον,
330 3199 369 3267 σὺ
390 3202 426 3268 δέ
443 3206 497 3270 καί
519 3202 579 3284 τάς
596 3210 662 3272 τῶν
684 3202 815 3292 ἐφόρων
837 3202 893 3267 καί
913 3197 974 3280 τὰς
990 3207 1056 3267 τῶν
1073 3224 1127 3285 γε·

93 3301 221 3392 ρόντων
237 3299 387 3388 προσέτι,
405 3306 461 3371 καὶ
480 3300 565 3384 ὅλως
582 3302 737 3373 ἀπάντων
757 3301 775 3372 ὅ
793 3294 1127 3390 πολοίβηφότατοςέν

94 3403 237 3490 παιδείᾳ
255 3402 297 3469 σύ
314 3429 364 3490 γε,
388 3408 443 3473 καὶ
460 3407 606 3491 μάλιστα
624 3402 693 3494 ὅσῳ
711 3404 769 3495 τὴν
786 3402 899 3494 λευκὴν
917 3401 970 3470 ἀεὶ
987 3406 1042 3471 καλ
1061 3402 1128 3470 σαό-

95 3505 217 3587 ζουσαν
240 3509 367 3593 φέρεις,
396 3506 414 3574 ὅ
440 3511 495 3576 καὶ
516 3516 656 3598 θαρρεῖν
677 3534 719 3595 με
741 3508 775 3577 ἐν
795 3515 843 3597 τῷ
865 3506 1007 3596 παρόντι
1034 3492 1129 3573 ποιεί

96 3608 153 3674 διά
170 3633 208 3696 γε
224 3603 264 3674 τό
282 3613 428 3695 μέγεθος
444 3616 503 3678 τού
522 3612 729 3701 τολμήματος
750 3613 805 3680 καί
822 3611 910 3679 πάνυ
934 3611 1070 3687 δικαίως
1088 3603 1128 3674 ἀν

95 3713 304 3796 φοβηθέντα.
343 3708 471 3780 κάκεῖνο
494 3713 531 3779 δέ
552 3712 589 3802 νὴ
608 3719 673 3781 Δία
695 3718 836 3803 προσέτι
856 3715 912 3779 καί
935 3708 1016 3781 αύτὸ
1040 3717 1128 3795 θαρ-

36 3872 39 3883 ,
95 3823 165 3898 ρεῖν
183 3824 292 3894 ποιεῖ,
315 3810 416 3902 τὸμὴ
435 3815 650 3884 παντάπασιν
668 3813 825 3904 ἀλλότρια
845 3812 936 3900 τάμὰ
958 3811 1045 3883 εἶναί
1061 3837 1125 3894 σοι,

36 3960 38 3965 »
97 3911 286 3996 ὅςπόλειύς
306 3942 343 4005 γε
366 3915 487 4004 ἐκείνης
509 3917 577 4002 είμὶ
594 3917 632 4006 ἣν
653 3917 813 3996 πολλάκις
831 3908 865 3984 εὖ
889 3916 1063 4005 ἐποίησας,
1088 3913 1127 3983 τὸ

95 4015 155 4100 μὲν
173 4024 308 4105 πρῶτον
327 4020 410 4110 ἰδίη,
433 4019 471 4090 τὸ
491 4022 527 4088 δέ
545 4018 695 4112 δεύτερον
712 4026 802 4109 κοινῇ
819 4016 904 4103 μετά
925 4017 1050 4099 παντὸς
1067 4023 1126 4085 τοῦ

149 4118 244 4164 λιιοίαυί
257 4122 299 4164 vol.
310 4121 326 4164 I.
919 4118 954 4174 22
