2752 4632
433 233 681 292 XV.'AAIE1'2
702 233 822 291 15-19.
871 247 874 253 '
1081 224 1149 293 213
1272 247 1274 251 ’

115 333 164 418 ῶς
180 339 303 426 πλῆρες
315 339 441 426 γένοιτο
454 339 510 406 καὶ
523 336 646 417 ἐντελές
657 336 695 405 τὸ
709 339 892 428 συνέδριονς
907 337 1148 430 τὴνᾌλήθειαν

115 441 155 519 δέ
179 459 218 528 γε’
245 441 302 509 καὶ
335 440 511 531 συνήγορον
546 437 821 527 ἀναβιβάσασθαι
853 440 940 532 πρὸς
969 440 1026 532 τὴν
1057 446 1147 535 δίκην

112 542 289 631 βούλομαι.

166 659 242 716 <m
276 643 329 735 Νὴ
350 650 430 728 Δία,
458 641 709 734 ἀκολουθήσατε
728 647 785 714 καὶ
805 641 916 732 ύμεος·
943 643 982 715 ού
1002 648 1148 732 χαλεπὸν

112 745 176 836 γὰρ
197 751 278 831 μίαν
299 747 435 819 δικάσαι
455 748 561 837 δίκην,
588 750 770 817 καὶταῦτα
790 750 871 839 περὶ
890 754 957 817 τῶν
983 746 1148 841 ἡμετέρων

114 842 281 938 ἐσομένην.

165 967 280 1023 Α’ΛΗΘ.
311 948 423 1022 ι”έπιτε
438 949 547 1038 ύμεῖς·
566 949 629 1043 ἒγῶ
645 950 709 1043 γάρ
727 948 822 1025 ούδδν
841 951 959 1040 δέομαι
975 950 1106 1024 ἀκούειν
1124 954 1150 1024 6
1166 980 1198 1030 17

112 1045 228 1125 πάλαι
240 1051 316 1122 οἶδα
334 1051 438 1126 ὁποῖά
457 1055 554 1125 ἐστιν.

166 1172 255 1237 ΦΙΔ.
274 1153 459 1246 Ἀλλ’ἡμῖν,
479 1147 686 1246 ὦἏλήθεια,
705 1157 740 1226 ἐν
753 1159 861 1229 δέοντι
873 1160 1079 1243 συνδικάζοις
1093 1157 1145 1245 άν,
1189 1200 1203 1235 „-

115 1255 163 1341 ῶς
179 1262 235 1328 καλ
252 1258 473 1348 καταμηνύοις
491 1259 621 1329 ἕκαστα.

166 1378 281 1434 ΑΛΗΘ
319 1361 439 1435 Ούκοῦν
457 1361 634 1451 ἐπάγωμαι
645 1365 701 1433 καλ
717 1361 765 1434 τῶ
778 1358 1025 1452 θεραπαινιδίω
1038 1365 1146 1435 τούτω

112 1463 336 1543 συνοικοτάτω
354 1489 415 1550 μοι
431 1462 522 1548 6666,-

166 1583 243 1641 ΦΙΛ.
277 1569 345 1635 Καὶ
360 1563 486 1653 μάλα(
469 1567 600 1648 οπόσας
617 1564 657 1635 άν
675 1566 805 1658 ἐθέλῃς

164 1685 279 1743 ΑΔΗΘ.
315 1665 496 1752 Επεσθον,
524 1696 551 1737 ω
537 1660 758 1757 ’Ἐλευθερία
778 1674 834 1740 καλ
850 1678 1038 1761 Παρρησί,
1003 1698 1024 1739 α
1064 1670 1217 1758 μεθ’-

111 1767 219 1862 ἡμῶν,
257 1767 304 1851 ῶς
327 1768 386 1840 τὸν
410 1772 556 1840 δείλαιον
580 1775 714 1840 τουτονὶ
742 1769 902 1861 άνθρωπί
902 1799 978 1842 σκον
1006 1773 1146 1864 ἐραστὴν

112 1869 308 1965 ᾖμέτερον’
286 1898 367 1942 οντα
383 1875 609 1943 κινδυνεύοντα
622 1871 673 1942 έπ
690 1872 828 1964 οὐδεμιᾷ
844 1876 1016 1966 προφάσει
1034 1878 1124 1946 δικαί
1111 1883 1148 1967 ίςι

112 1981 225 2047 σῶσαι
242 1975 452 2066 δυνηθῶμεν·
470 1975 512 2044 οδ
530 1977 580 2060 δὲ,
601 1967 628 2044 ὦ
638 1973 780 2065 Ἐλεγχε,
800 1972 902 2045 αὐτοῦ
919 1983 1084 2066 περίμενε.

164 2092 277 2150 ΛΟΥΚ.
311 2079 496 2166 Μηδαμῶς,
524 2069 552 2146 ὦ
574 2080 748 2164 δέσποινα,
775 2075 879 2168 ἡκέτω
903 2080 939 2147 δὲ
959 2082 1024 2147 καί·
1038 2070 1147 2162 οὗτος,

112 2178 145 2251 εί
161 2185 219 2248 καί
234 2205 287 2260 τις
300 2175 413 2261 άλλυς·
432 2178 470 2249 ού
487 2179 549 2269 γὰρ
566 2195 638 2263 τοῖς
654 2188 790 2266 τυχοῦσι
802 2187 938 2271 θηρίοις
954 2184 1146 2309 πρησπολε-

111 2288 220 2373 μῆσαι
246 2282 358 2371 δεήσει
381 2309 438 2369 με,
470 2281 539 2353 ἀλλ’
563 2281 718 2367 ἀλαζόσιν
745 2280 964 2409 άνθρῶποιςτ
967 2287 1023 2352 καὶ
1050 2278 1147 2353 δυσε-

111 2386 273 2474 λέγετοις,
293 2380 347 2452 άεί
361 2411 454 2466 τινας
471 2382 649 2475 ἀποφυγὰς
667 2383 964 2476 εδρισκομένοις,
942 2384 1028 2456 ωὀτε
1046 2385 1146 2476 άναγ-

110 2489 207 2567 καίος
224 2515 243 2555 ο
230 2482 413 2575 ΗΕλεγχος.

167 2606 242 2661 ΦΙΔ
271 2585 546 2676 Ἀναμιαιότατος
559 2580 680 2676 μὲν
641 2610 712 2659 ουν
743 2588 877 2676 ἄμεινον
900 2591 936 2658 δὲ
956 2590 1066 2658 ελλ
1009 2594 1066 2659 καλ
1087 2590 1145 2679 τὴν

104 2688 291 2775 Ἀπόδειξιν
306 2692 528 2817 παραλάβοις.

164 2810 279 2881 ΑΔΗΘ
297 2790 504 2864 Επεσθε
455 2820 586 2878 παντες
603 2793 740 2884 ἐπείπερ
750 2790 1004 2882 άναγκαιότατσι
1018 2795 1145 2864 δοκεῖτε

108 2895 199 2987 πρὸς
216 2893 274 2986 τὴν
292 2898 393 2987 δί.κην

164 3014 283 3070 ΑΡΙΣΤ.
315 2995 422 3089 Ὁρᾷς·
447 3001 736 3090 προσεταιρίζεται
756 2995 873 3067 καθΗ
853 3005 959 3087 ημῶν,
993 2990 1020 3066 ῶ
1045 3003 1144 3069 Φιλο-
1163 3020 1195 3071 18

110 3105 232 3190 σοφία,
255 3099 314 3189 Ιτὴν
329 3098 511 3191 Ἀλήθειαν.

106 3240 110 3248 ·
164 3218 240 3273 ΦΙΛ.
274 3200 361 3272 Είτα
379 3195 549 3286 δέδιτε,
521 3231 549 3272 ω
566 3206 706 3274 Πλάτων
722 3208 777 3272 καὶ
793 3205 975 3294 Χρύσιππε
991 3208 1047 3273 και
1061 3202 1144 3295 Αρι-

110 3304 277 3391 στότελες,
294 3305 341 3395 μή
358 3332 393 3374 τι
409 3306 577 3394 ψεύσηται
592 3304 677 3396 ὑπὲρ
696 3303 796 3375 αύτοῶ
810 3305 965 3395 Ἀλήθεια
984 3299 1083 3390 ούσας

164 3423 275 3481 IIAAT
312 3405 355 3478 06
372 3414 484 3491 τοῦτο,
505 3405 589 3476 ἀλλὰ
606 3410 721 3489 δεινῶς
734 3410 919 3499 πανοῦργός
933 3409 1003 3501 ἐστι
1016 3411 1071 3476 καὶ
1088 3432 1144 3475 κο-

110 3505 306 3595 λακικός·’
283 3506 369 3581 ω’στε
386 3515 591 3601 παραπείσει
609 3508 719 3599 αὐτήν.

76 3665 78 3671 r
165 3628 240 3686 ΦΙΔ.
277 3623 446 3713 θαρρεῖτε·
465 3609 560 3682 ούδέν
575 3640 621 3703 μη
610 3612 764 3702 γένηται
782 3611 907 3697 άδικον,
926 3612 1144 3738 Δικαιοσύνης

109 3716 244 3806 ταύτης
260 3714 507 3843 σημπαρούσης.
543 3713 683 3802 ἀνίωμεν
709 3706 776 3786 σύν.
813 3712 881 3784 άλλ
905 3716 980 3784 εἰπέ
1003 3739 1064 3803 μοι
1090 3713 1140 3798 οδ,
1160 3736 1192 3787 19

110 3821 220 3888 τίσοι
236 3818 397 3908 τούνομας

164 3938 276 3998 ΛΟΥΚ
315 3921 407 4012 Ἐμολ
437 3921 669 4014 Παρρησιάδης
696 3919 894 4013 Ἀληθίωνος
922 3927 982 3991 τού
1005 3916 1143 4006 Ελεγξι·
1112 3947 1145 3995 ,

109 4025 236 4107 κλέους.
