2722 4646
155 266 224 315 xus
267 248 271 257 '
488 233 491 239 ’
550 268 717 311 inussisse
736 267 861 312 ommes.

152 381 243 435 codex
256 383 283 448 ¹§.
293 379 336 434 10.
347 379 423 439 selus
432 394 527 433 veram
536 377 604 447 milri
613 395 691 448 prae·
710 379 825 450 linguae
834 379 931 434 vitium
940 382 992 449 est,
1008 383 1043 437 dc
1058 398 1113 453 quo
1126 398 1184 436 nco
1199 393 1248 438 co·'
1268 424 1272 429 -

154 447 217 502 buit
226 448 400 530 scripturam,
416 464 499 517 quem
508 446 690 501 Hemsterhu-
710 447 856 516 gitandum
878 451 955 518 apud
971 450 1137 504 Lucianum.
1170 450 1247 506 Vide
1321 456 1336 517 :gl

155 516 214 569 sius
229 522 395 585 conjectura
408 520 555 571 assecutus
569 523 638 582 erat,
656 516 690 569 τὰ
730 532 783 573 uae
798 517 833 570 de
846 522 910 571 utra
929 519 1123 588 descriptura
1140 517 1197 572 dixi
1214 519 1246 572 in
1322 522 1340 557 -i

152 580 286 653 μέλλοντα
298 584 426 657 προόψει,
440 581 489 637 ubi
498 583 585 636 ceteri
595 600 690 639 omnes
710 533 836 637 inassati
860 586 897 638 ad
951 589 1069 640 emosth.
1090 587 1146 640 vol.
1164 587 1186 640 Ι.
1214 604 1245 656 p.

152 651 189 706 τὰ
201 651 308 705 ὃεόυτα.
334 653 413 706 Idem
427 653 451 718 ᾖ.
460 652 501 703 17.
514 651 544 703 in
553 651 647 704 verbis
661 655 691 702 ἐν
708 650 847 704 XXXIII.
858 653 901 705 ed.
911 652 989 722 Lips.
999 655 1109 708 tertiae.

155 719 268 789 πολέμου
286 725 332 774 καὶ
348 719 406 775 ἀπο
424 721 506 775 καύσει
520 719 691 791 πραγμάτων
741 719 799 786 ΙΙΙ,
817 720 858 774 16.
880 719 911 773 δέ
949 719 1020 776 scial
1038 721 1246 793 πιμπλάμενος]

152 794 219 858 post
233 786 344 857 πολέμῳ
362 741 442 849 adiit
459 793 505 840 καὶ
518 790 601 858 μάχῃ,
618 802 689 864 quae
707 786 788 839 Libri
796 786 906 856 interpc
920 788 959 842 eti
969 789 1082 858 quidam
1090 789 1172 845 tides.
1181 789 1248 843 Hoc

140 872 240 925 ,saepe
251 855 403 936 conjuncta
412 854 595 925 reperiuntur,
605 860 689 911 etiarn
708 854 820 924 quidem
845 853 960 934 facilius
982 856 1118 928 consequi
1138 857 1247 926 potuis·
1324 860 1331 910 ἐ

152 921 689 1061 iiiifiii'tiiff‘riiiiiiiitii235
709 922 1077 1059 Βωλλῑῗολλλὲεθέζλλυλλλλλ]
1100 989 1182 1043 Libri
1199 991 1248 1044 sis
1325 996 1340 1061 :1

152 1062 243 1129 μάχης.
708 1063 737 1111 et
753 1057 891 1126 XV11,5.
909 1059 1010 1114 vitiose
1028 1056 1245 1126 ἐθελοδουλείας,
1324 1085 1340 1125 ῃ

186 1128 266 1249 Idm
287 1123 321 1199 ἢν
338 1125 372 1180 δέ
389 1147 417 1179 τι
429 1129 479 1206 -]
491 1164 494 1168 -
508 1124 690 1184 scribebatur
708 1125 757 1196 qui
774 1134 907 1180 constans
925 1127 955 1180 in
978 1127 1034 1181 hoc
1051 1126 1247 1197 similibusque

152 1191 189 1250 ἂν
215 1202 316 1250 ἑτι-.
339 1194 396 1248 Sed
405 1194 548 1247 Lucienus
557 1196 689 1251 unausus
709 1193 872 1263 compositis
899 1211 978 1248 error
1001 1194 1180 1249 librariorum
1202 1198 1248 1247 est
1327 1198 1340 1221 ‘¹

153 1269 198 1318 cst
211 1264 295 1333 thus
307 1262 464 1331 particulae
473 1261 572 1326 forma,
584 1259 627 1328 ἢν,
640 1259 689 1315 At·
708 1259 830 1318 deviatae
858 1262 965 1315 nomini
992 1267 1168 1317 assuetorum
1193 1276 1248 1316 nec
1321 1280 1328 1313 r

152 1333 272 1386 ticorum
301 1335 428 1385 veterum
459 1328 689 1385 consuetudinem
709 1329 893 1401 cogitantium
932 1330 1094 1399 huJ'usmcdi
1133 1330 1248 1384 nemina
1322 1362 1340 1385 2

154 1403 282 1454 secutus:
300 1399 376 1452 unde
385 1398 538 1452 formarum
551 1396 586 1451 ἅν
599 1404 629 1451 et
642 1399 691 1451 εοίυ
707 1415 765 1451 non
774 1399 811 1453 ab
825 1395 942 1466 δουλεία,
957 1399 1008 1452 sed
1023 1398 1059 1452 ab
1073 1396 1169 1454 δοῦλος
1183 1414 1248 1452 esse
1330 1401 1333 1409 ’

153 1467 296 1546 exempla,
319 1482 392 1536 quae
413 1482 506 1536 pauca
523 1465 553 1520 in
569 1465 689 1520 Luciani
708 1465 837 1520 formata.
865 1465 984 1521 Notavit
996 1482 1119 1520 errorem
1132 1465 1166 1519 L.
1175 1465 1247 1519 Din-

154 1534 301 1589 codicibus
315 1540 380 1587 sunt
389 1534 413 1587 si
422 1551 485 1588 curn
495 1534 621 1593 centenis
635 1534 689 1605 pri·
709 1533 816 1589 dorfius
834 1533 865 1589 in
881 1534 1031 1588 Thesauro
1055 1552 1077 1587 s.
1092 1533 1120 1587 h.
1132 1550 1158 1587 s.
1176 1539 1208 1587 et
1224 1550 1248 1588 s.

151 1617 215 1657 mae
224 1601 332 1656 formae
341 1598 374 1668 ἦν
383 1603 518 1673 exemplis
529 1618 690 1671 comparen·
708 1601 900 1667 prodebantur.
927 1602 1046 1655 Rectam
1057 1600 1177 1655 formam
1195 1620 1249 1655 rto-
1336 1602 1340 1617 ⁴

153 1676 208 1738 tur,
226 1669 333 1739 ubique
347 1671 470 1739 correxi,
490 1672 544 1725 etsi
557 1670 606 1725 alii
623 1672 689 1724 scri·
708 1670 838 1725 lodosiis
850 1669 963 1724 Polluci
975 1669 1001 1736 3,
1015 1669 1057 1723 80.
1078 1667 1137 1741 (ubi
1151 1668 1250 1722 ἐθελο-
1334 1666 1340 1685 ⁶

152 1744 250 1809 ptores
268 1735 358 1792 Attici
374 1738 496 1793 Platone
519 1739 690 1808 posteriores
709 1739 817 1794 desiria
831 1736 1015 1792 antedoniam
1027 1735 1180 1790 dordoniam
1197 1753 1248 1805 po-

173 1807 262 1861 lerum
284 1821 319 1859 ue
338 1803 373 1859 ἄν
389 1807 596 1876 praetulerunt,
614 1807 692 1860 velut
710 1807 764 1860 sita
777 1804 854 1927 suntg
868 1806 929 1874 jam
943 1805 979 1859 Η.
991 1804 1152 1874 Stephanus
1165 1804 1247 1858 resti·
1324 1842 1335 1869 ,Ἴ

183 1883 273 1928 emost
295 1889 372 1942 enee,
382 1874 430 1944 qui
439 1873 628 1954 nusquamris,
641 1876 691 1929 sed
709 1875 764 1929 tuit
772 1874 835 1929 inT
856 1889 967 1928 esauro.
1213 1888 1214 1893 ¹
1337 1876 1340 1893 ¹

154 1942 260 2013 ubique
274 1939 310 1996 riv
323 1944 378 2011 rel,
389 1943 567 2013 quodminus
577 1950 691 2064 centu&
742 1942 847 2006 ΠΙ,24.
861 1927 1282 2012 τῶυτιοαοφιλοοόφουεεεί·’
1325 1936 1329 1961 ⁴

154 2008 204 2064 ἐάν
218 2009 297 2080 dixit,
311 2016 343 2076 ut
357 2011 469 2065 ostendi
481 2011 510 2065 in
519 2011 644 2065 Praefat
708 2011 753 2081 psi
771 2027 822 2090 pro
840 2007 1083 2080 adsertoribus.
1114 2007 1250 2062 Animad-
1339 2012 1340 2015 ’

153 2078 306 2133 editionem
315 2078 493 2149 Lipsienssm
510 2079 622 2133 tertiam
636 2079 691 2133 vol.
709 2083 794 2133 verat
814 2077 920 2146 vitium,
930 2077 980 2131 sed
989 2077 1117 2145 imperite
1127 2076 1251 2131 correxit

152 2147 176 2201 Ι.
210 2146 306 2202 ,XVI
511 2182 516 2199 s
709 2145 841 2201 librarius
855 2146 904 2216 qui
921 2146 952 2199 in
969 2145 1067 2199 codice
1079 2145 1248 2200 Florentino
1339 2176 1340 2183 ο

186 2165 211 2284 λ),
225 2215 267 2268 13.
285 2211 364 2285 ἀφεὶς
376 2211 407 2267 δὲ
421 2212 453 2267 σε)
467 2213 574 2276 τουε-
583 2213 692 2269 correxi
710 2213 850 2283 genitivos
859 2217 952 2267 τῶο-
959 2219 1210 2284 προσποιουμένου
1218 2213 1251 2268 in
1330 2236 1333 2249 ’

152 2281 301 2353 precipuis
319 2281 350 2335 dd
370 2280 525 2339 αὖτοὺς-η
560 2281 633 2338 Nam
651 2282 691 2336 in·
708 2281 774 2338 soris
787 2287 1093 2353 -πρυυποιουμέυους
1119 2280 1248 2336 mutavit.

152 2357 250 2435 aptum
259 2355 303 2405 est
311 2347 418 2418 adroic,
428 2350 617 2405 necessarium
625 2367 692 2405 vero
710 2351 782 2405 Nam
795 2349 850 2403 hoc
862 2349 927 2418 plus
941 2353 986 2403 est
998 2365 1082 2470 quem
1091 2349 1148 2403 dici
1162 2349 1249 2403 debe·

154 2440 201 2485 ου,
216 2419 293 2489 quod
328 2418 434 2472 ostulat
447 2417 582 2473 transitus
595 2420 631 2473 ab
641 2418 691 2474 So·
710 2419 760 2472 bat
776 2417 909 2486 idemque
927 2417 987 2471 fere
1022 2417 1169 2471 saliorum
1184 2433 1250 2471 con·

153 2492 234 2540 crate
246 2487 283 2540 ad
322 2485 461 2540 ucianum.
488 2486 535 2540 Sic
549 2493 645 2559 capsis
660 2485 692 2541 οὐ
706 2486 819 2554 jectura
833 2486 982 2541 dicendum
997 2491 1049 2552 est,
1064 2484 1113 2554 qui
1132 2483 1251 2541 πολλούσ

151 2554 201 2611 τὰς
211 2551 292 2621 ἄλλοις
306 2555 395 2625 θύρας
407 2554 471 2623 XX,
481 2553 523 2608 15.
709 2557 777 2624 post
794 2574 816 2608 π
835 2559 1047 2621 οοπαιουμεύων
1067 2553 1135 2606 addi
1153 2553 1250 2606 volne-

187 2620 262 2691 Lli
282 2623 439 2704 corruperas
447 2630 493 2676 καὶ
501 2622 568 2681 τοὺς
577 2620 693 2681 ὀδόντας
710 2627 783 2676 runt.
839 2638 854 2675 e
869 2620 1056 2675 collocatione
1073 2619 1250 2690 pronominis
1333 2620 1337 2639 ¹

152 2690 251 2763 ἔπριε]
287 2690 377 2746 Nihili
399 2692 543 2762 estquod
564 2691 692 2747 inlibris
710 2692 786 2745 inter
814 2690 963 2744 articulum
989 2695 1019 2742 et
1043 2705 1160 2758 nomen,
1193 2705 1276 2759 qua<
1334 2720 1338 2751 ι

154 2759 208 2815 scri
231 2765 290 2812 tum
304 2765 348 2812 est
362 2763 429 2815 ἐυέπ
447 2781 471 2812 ιο
483 2759 543 2828 vel,
557 2761 635 2830 quod
649 2766 694 2814 est
712 2759 863 2828 scriptores
881 2757 1056 2812 recentiores
1073 2762 1142 2826 post
1158 2756 1250 2811 Hero·
1335 2768 1338 2783 ¹

152 2827 183 2882 in
224 2833 260 2880 at.
270 2827 313 2881 87.
327 2826 370 2906 90ἱ
382 2832 412 2906 et
453 2826 597 2892 orlieensi‚
616 2834 691 2881 ουυέ-
711 2829 807 2880 dotum
826 2842 912 2947 saepe
930 2825 974 2879 usi
992 2829 1070 2893 suot,
1088 2841 1114 2878 v.
1131 2822 1165 2879 L.
1178 2824 1250 2878 Din-

153 2895 693 3034 ltt'tetlttllttteisteti?
710 2892 1250 3017 ttittsisltietlltirldii

153 3040 200 3085 tus
213 3047 241 3100 p.
251 3028 293 3084 89.
482 3074 484 3077 ,
710 3029 810 3084 ultima
826 3031 864 3084 ad
882 3030 957 3083 hunc
979 3026 1108 3082 libellum
1129 3031 1249 3081 annota-

187 3097 212 3167 Ι,
230 3098 271 3152 16.
295 3102 357 3162 ἐμοὶ
373 3094 465 3166 δοκεῖ]
494 3098 610 3153 Oorrexi
630 3104 692 3164 ἐμοὶ
710 3097 797 3166 tione,
806 3097 857 3151 ubi
875 3097 952 3168 quod
968 3097 999 3150 in
1015 3095 1096 3149 libris
1113 3094 1250 3164 scriptum

154 3165 249 3220 δοκεῖν
258 3162 458 3223 ervatelee.
473 3165 692 3238 VidstXV1,
710 3173 755 3221 est
784 3166 819 3220 τὸ
839 3170 890 3220 τοῦ
915 3162 967 3235 ἄρα
996 3162 1117 3234 Τηλέφου
1145 3162 1251 3237 ἀνάγκη

153 3235 197 3289 24.
711 3240 803 3290 ποιεῖν
812 3250 875 3288 cum
885 3231 1074 3286 collocatione
1083 3231 1134 3286 illa
1147 3249 1249 3302 prono-

187 3298 274 3371 11,2.
307 3307 408 3371 κίυηευα
424 3332 459 3345 -
476 3305 562 3374 ψυχῆς
586 3302 690 3377 δῆγμα]
711 3303 794 3357 minis
811 3321 852 3358 τις
870 3305 1026 3369 comparet,
1068 3301 1126 3354 uod
1148 3299 1182 3354 τὸ
1197 3304 1248 3353 τοῦ

153 3371 236 3427 Libri
252 3369 357 3444 δεῖγμα.
385 3370 514 3428 Correxit
523 3371 647 3427 Cobetus
665 3390 691 3441 p.
714 3370 834 3442 Τηλέφου
857 3366 910 3438 ἄρα
935 3316 1116 3423 scribendum
1139 3369 1251 3421 videtur

154 3439 213 3497 142.
228 3439 334 3513 collato
349 3439 468 3493 Platone
482 3439 692 3510 Rep.s.p.474.
711 3439 819 3494 Cobeto
850 3435 926 3490 ,222
1033 3496 1044 3506 ,

154 3507 191 3561 D.
205 3506 256 3562 ubi
273 3508 371 3563 verba
379 3505 491 3562 δάκνειν
507 3514 536 3561 et
553 3513 640 3561 κιυεῖυ
657 3509 692 3562 si·
744 3505 801 3574 ΙΙΙ,
819 3454 862 3559 λλ).
892 3504 921 3559 οἱ
938 3509 990 3573 μὲν
1007 3506 1126 3570 ἐσθῆτας
1141 3503 1250 3558 ἑαυτοῖς

154 3575 257 3630 miIIter
283 3581 349 3629 sunt
374 3577 536 3645 conjuncta.
570 3574 638 3630 Mox
663 3577 693 3631 in
711 3573 866 3629 κελεύοντος
893 3571 1166 3645 συγκαταφλέγεσθαι
1189 3574 1250 3623 τῶν

154 3643 250 3698 verbis
258 3642 385 3697 Κλέωνα·
399 3649 464 3715 φησὶ
474 3641 513 3711 δὲ,
524 3642 619 3709 οἶσθα,
630 3650 693 3716 περ)
713 3641 788 3711 παρὰ
801 3640 852 3695 τὸν
864 3647 930 3711 βίον
941 3643 1057 3710 τιμίων]
1081 3638 1199 3691 Temere
1218 3637 1249 3692 in

155 3711 241 3764 αὐτοῦ
252 3711 360 3765 correxi
369 3713 514 3781 vulgatam
528 3710 693 3799 scripturam
712 3708 883 3764 editionibus
909 3708 1079 3780 quibusdam
1103 3706 1248 3759 veteribus

155 3779 268 3834 Κλέωνά
278 3796 370 3851 φησιν·
388 3779 475 3833 οἶσθα
484 3786 549 3852 περὶ
559 3784 652 3833 αυτοῦ.
711 3778 910 3847 interpolatum
919 3778 948 3831 οἱ
956 3775 986 3831 di
995 3772 1058 3828 ἄλλο
1068 3794 1095 3826 τι
1104 3778 1162 3826 scis
1172 3772 1248 3844 παρὰ

188 3847 247 3914 ΠΙ,
260 3848 285 3900 8.
303 3847 435 3917 ἑόρακας]
454 3844 639 3902 scribebatur
648 3846 694 3901 hic
711 3845 762 3900 τὸν
770 3852 836 3914 βίον
849 3851 955 3913 τιμίου,
967 3860 1026 3897 non
1039 3841 1185 3896 intellecto
1199 3859 1247 3913 ge-

156 3919 186 3970 et
195 3915 264 3969 alibi
274 3920 438 3969 constanter
451 3915 692 3985 apudLocianum
711 3913 791 3981 nitivi
809 3931 864 3969 usu
881 3913 1075 3977 subticueris
1090 3916 1197 3979 τιμίων,
1216 3927 1249 3965 es

155 3982 264 4058 ἑώρακα
284 3998 338 4054 per
362 3986 399 4052 ὦ,
427 3984 505 4056 quod
526 3983 692 4039 recentioris
711 3984 819 4038 vacue
830 4000 883 4053 per
899 3980 966 4034 vitas
987 3987 1086 4052 tempus
1109 3982 1191 4047 cans,
1216 3983 1250 4033 ut
