2752 4632
220 232 287 301 174
611 220 869 301 A01³K1AN0r

220 352 294 436 ἔχου
312 375 376 437 μου
394 356 452 440 τῆς
470 350 579 432 δεξιᾶς
599 352 656 416 καὶ
679 350 797 439 φείδου
818 346 864 438 μὴ
881 346 965 417 κατά
987 353 1047 417 τοῦ
1068 345 1261 442 ὀλισθηροῦ

219 466 348 523 πατεῖν.
384 443 422 520 εὗ
438 477 488 540 γε,
509 449 714 540 ἀνελήλυθας
730 454 787 520 καὶ
804 453 861 520 σό·
889 451 1027 543 ἐπείπερ
1046 453 1083 520 δέ
1101 454 1262 540 δικόρυμ·

219 563 280 645 βας
303 554 321 624 ὃ
343 556 541 644 Παρνασσός
567 553 652 637 ἐστι,
679 560 759 641 μίαν
785 554 938 651 ἑκάτερος
960 551 1062 645 ἀκραν
1085 552 1263 642 ἀπολαβό-

219 685 314 745 μενοι
330 658 568 742 καδεζώμεθα.
605 654 645 726 οδ
664 659 702 725 δέ
717 682 777 744 μοι
793 655 855 749 ἤδη
875 657 908 727 δν
924 659 1030 746 κύκλῳ
1045 661 1260 746 περιβλέπων

221 761 399 830 ἐπισκόπει
417 756 560 829 ἅπαντα.

187 885 204 935 υ
271 879 357 935 ΧΑΡ.
392 859 471 953 ’δρῶ
496 870 555 952 γῆν
577 862 702 954 πολλὴν
722 866 779 932 καί
801 865 915 952 λίμνην
936 861 1010 930 τινὰ
1030 862 1173 951 μεγάλην
1195 889 1263 932 πε-

220 972 415 1056 ριρρέουσαν
431 969 488 1034 καὶ
510 962 569 1056 όρη
592 969 648 1034 καί
668 964 841 1051 ποταμοὺς
862 972 922 1033 τοῦ
939 967 1170 1055 Κωκυτοῠκαί
1187 978 1262 1035 Πυ-

220 1061 478 1158 ριφλεγέθοντος
503 1069 655 1153 μείζονας
684 1072 740 1136 καί
770 1065 975 1159 ἀνθρώπους
1004 1069 1093 1136 πάνυ
1119 1066 1261 1158 μικροὺς
1294 1066 1309 1084 ‘
1372 1098 1373 1155 ς

220 1174 276 1238 καί
293 1170 386 1251 τινὰς
403 1170 554 1259 φωλεοὺς
572 1167 691 1239 αὐτῶν.

270 1284 357 1339 ΕΡΜ.
395 1274 516 1354 Πόλεις
530 1272 650 1341 έκεῖναί
663 1273 755 1355 εἰσιν,
776 1272 833 1352 οὓς
849 1270 999 1361 φωλεοὺς
1007 1268 1093 1340 εἶναι
1101 1273 1259 1357 νομίζεις.

271 1388 357 1443 ΧΑΡ.
398 1373 509 1444 Οἶσθα
527 1367 593 1457 οάν,
614 1366 763 1463 ὦἙρμῆ,
784 1371 830 1455 ὥς
849 1372 941 1443 οάδδν
959 1372 1037 1465 ἡμῖν
1053 1379 1257 1463 πέπρακται,

221 1469 305 1542 ἀλλά
322 1476 428 1564 μάτην
445 1476 502 1546 τόν
520 1476 716 1568 Παρνασσὸν
735 1475 816 1566 αὐτῇ
834 1481 1008 1567 Κασταλίᾳ
1020 1480 1076 1546 καί
1092 1475 1149 1567 τὴν
1160 1478 1267 1566 Οἴτην

220 1576 335 1645 καὶτὰ
353 1577 437 1645 ἀλλα
456 1577 514 1669 όρη
532 1580 800 1670 μετεκινήσαμενς

139 1704 142 1711 ’
271 1687 358 1742 ΕΡΜ·
392 1676 457 1750 ‘'Ou
473 1690 524 1766 τίς

271 1798 357 1854 ΧΑΡ.
399 1781 497 1853 θάδέν
520 1782 652 1875 ἀκριβὲς
674 1782 736 1873 ἐγὼ
757 1790 838 1872 γοῦν
854 1781 923 1852 ἀπὸ
941 1791 1000 1853 τοῦ
1021 1782 1152 1873 ὖψηλοῦ
1172 1781 1258 1874 δρῶ·

221 1881 359 1973 δδεόμην
377 1887 413 1955 δέ
432 1884 468 1955 οό
488 1888 605 1967 πόλεις
621 1892 678 1954 καὶ
696 1882 757 1976 όρη
776 1882 856 1954 αδτδ
873 1887 975 1972 μόνον
993 1882 1107 1977 ἀν’σπερ
1126 1885 1159 1955 ἓν
1176 1913 1259 1975 γρα-

221 2001 303 2077 φαῖς
326 1984 418 2076 δρᾶν,
452 1987 535 2056 ἀλλὰ
557 1988 635 2070 τοὺς
657 1987 860 2076 ἀνθρώπους
882 1985 1002 2070 αὐτοὺς
1025 1992 1082 2056 καί
1104 1989 1126 2056 ἀ
1148 1990 1259 2078 πράτ-

218 2115 315 2158 τουσι
333 2095 389 2157 καὶ
407 2090 463 2158 οἷα
481 2095 643 2179 λέγουσιν,
664 2087 778 2181 ὥσπερ
793 2087 848 2159 ὅτε
860 2118 902 2177 με
915 2090 953 2159 τὸ
966 2099 1099 2180 πρῶτον
1116 2090 1260 2175 ἐντυχὼν

220 2189 306 2273 είδες
332 2196 475 2280 γελῶντα
500 2197 557 2261 καί
581 2190 662 2282 ἤρου
689 2220 731 2277 με
754 2189 827 2263 ότι
852 2195 991 2285 γεληόην·
1023 2191 1166 2275 ἀκοόσας
1191 2194 1258 2283 γάρ

219 2320 309 2375 τινος
325 2291 435 2385 ,ἥσθην
453 2296 500 2376 εἷς
518 2291 714 2385 ἀπερβολήν.

271 2412 357 2468 EPM
400 2405 439 2467 Τί
456 2388 666 2486 δέταῦτ’ἦν,·

271 2515 357 2571 ΧΑΡ.
392 2498 467 2570 Ἐπί
494 2503 641 2583 δεῖπνον,
676 2497 785 2587 οἶμαι,
816 2504 953 2589 κληθεὶς
977 2496 1046 2569 ἀπό
1074 2526 1162 2595 τινος
1188 2508 1260 2570 τῶν

219 2606 326 2694 φίλων
348 2602 382 2685 ές
402 2601 459 2693 τὴν
476 2599 665 2694 ὑστεραίαν,
689 2606 835 2690 μάλιστα
851 2600 933 2695 ἥξω,
958 2601 1035 2692 ἔφη,
1058 2606 1115 2671 καὶ
1131 2601 1257 2688 μεταξὺ

219 2707 369 2793 λέγοντος
396 2703 465 2775 ἀπὸ
487 2712 546 2774 τοῦ
568 2714 681 2795 τέγους
702 2711 837 2796 κεραμὶς
864 2707 1074 2775 ἐπιπεσοῦσα
1101 2702 1159 2774 υόκ
1186 2703 1256 2774 οἶδ’

220 2804 298 2875 ότσυ
316 2809 507 2896 κινήσαντος
526 2807 714 2878 ἀπέκτεινεν
728 2808 837 2878 αὐτόν.
865 2808 1004 2897 έγέλασα
1019 2800 1088 2890 οὖν,
1109 2805 1166 2875 οάκ
1181 2809 1261 2876 έπε-

218 2913 412 2991 τελέσαντος
438 2909 495 2999 τὴν
521 2908 710 2996 ὑπόσχεσιν.
748 2911 839 2981 έοικα
865 2913 902 2979 δέ
927 2915 983 2979 καὶ
1007 2918 1063 2980 νῦν
1085 2908 1262 2978 ἀποκατα-

217 3011 401 3101 βήσεσδαι,
423 3009 470 3093 ὥς
487 3017 611 3098 μᾶλλον
627 3017 787 3101 βλέποιμι
804 3015 860 3082 καὶ
878 3010 1043 3099 ἀκοόσιμι.

184 3139 199 3187 ⁷
269 3130 355 3186 EPM„
387 3111 451 3199 'Ex'
472 3113 629 3202 ἀτρέμας·
656 3120 712 3184 καὶ
732 3124 832 3185 τοῦτο
854 3114 917 3205 γὰρ
944 3114 1008 3205 ίγιδ
1032 3116 1173 3201 ίάσομαί
1200 3140 1258 3185 σοι

217 3220 274 3285 καλ
291 3214 563 3305 ὀξυδερκέστατον
577 3218 740 3307 ένβραχεῐ
752 3217 918 3309 ἀποφανῶ
937 3215 1015 3309 παρ’
1032 3215 1165 3308 Ὁμήρου
1179 3217 1259 3287 τινὰ

217 3319 377 3410 καὶπρὸς
398 3328 497 3390 τοῦτο
519 3319 651 3411 δπφδὴν
673 3321 796 3409 λαβὼν,
824 3319 986 3389 κάπειδὰν
1008 3321 1093 3389 είπω
1116 3319 1158 3389 τὰ
1178 3321 1256 3411 έπη,

216 3429 363 3513 μέμνησο
380 3429 496 3514 μηκέτι
515 3421 753 3512 ἀμβλυώττειν,
773 3421 858 3493 ἀλλὰ
875 3430 994 3515 σαφῶς
1010 3423 1121 3492 πάντα
1140 3420 1234 3510 δρᾶν.

270 3544 357 3600 ΧΑΡ.
395 3533 481 3616 Λέγε
498 3528 609 3613 μόνον.

268 3646 355 3702 nm
390 3626 500 3714 Ἀχλὺν
510 3621 592 3698 δἀἀ
599 3654 654 3698 τοι
664 3625 918 3719 ἀπ’,δφδαλμῶν
928 3627 1009 3711 λλον,
1023 3627 1133 3718 ἣπρλν
1143 3626 1255 3718 ἐπῆεν,

390 3729 466 3823 ὄφρ’
477 3724 514 3800 εὖ
530 3733 691 3823 γινώσκῃς
707 3730 788 3822 ἠμέν
805 3730 888 3802 θεὸν
905 3727 963 3821 ἠδέ
980 3735 1036 3800 καὶ
1053 3729 1167 3823 ἀνδρα.

215 3841 253 3905 τί
268 3835 374 3922 δστινς
395 3832 457 3926 ἤδη
476 3832 573 3928 δρᾷςς

268 3954 353 4011 ΧΑΡ.
388 3936 580 4030 ζΥπερφυαῑς
603 3959 657 4030 γε·
691 3938 818 4032 τυφλός
844 3934 862 4008 δ
884 3938 1030 4028 Λυγκεὺς
1060 3935 1182 4018 ἐκεῖνος
1210 3932 1258 4019 ὥς

216 4040 304 4131 πρὸς
330 4040 402 4129 ἒμί·
435 4039 521 4113 ὥστε
548 4043 589 4113 οδ
611 4044 650 4114 τὸ
675 4041 733 4114 έπί
758 4043 865 4133 τούτῳ
888 4042 1115 4132 προσδίδασκέ
1133 4064 1178 4127 με
1200 4041 1258 4108 καλ
