<?xml version="1.0" encoding="UTF-8"?>
<!DOCTYPE html PUBLIC "-//W3C//DTD XHTML 1.0 Transitional//EN"
    "http://www.w3.org/TR/xhtml1/DTD/xhtml1-transitional.dtd">
<html xmlns="http://www.w3.org/1999/xhtml" xml:lang="en" lang="en">
 <head>
  <title>
</title>
<meta http-equiv="Content-Type" content="text/html;charset=utf-8" />
  <meta name='ocr-system' content='tesseract 3.04.00' />
  <meta name='ocr-capabilities' content='ocr_page ocr_carea ocr_par ocr_line ocrx_word'/>
</head>
<body>
  <div class='ocr_page' id='page_1' title='image "./lucianisamosate04dindgoog_0351.png"; bbox 0 0 2740 4648; ppageno 0'>
   <div class='ocr_carea' id='block_1_1' title="bbox 241 267 884 336">
    <p class='ocr_par' dir='ltr' id='par_1_1' title="bbox 241 267 884 336">
     <span class='ocr_line' id='line_1_1' title="bbox 241 267 884 336; baseline -0.006 0"><span class='ocrx_word' id='word_1_1' title='bbox 241 267 307 336; x_wconf 78' lang='grc'><em>324</em></span> <span class='ocrx_word' id='word_1_2' title='bbox 630 277 884 334; x_wconf 82' lang='grc' dir='ltr'><strong>ΛΟΥΚῙΑΝΟΥ</strong></span> 
     </span>
    </p>
   </div>
   <div class='ocr_carea' id='block_1_2' title="bbox 188 379 1347 4155">
    <p class='ocr_par' dir='ltr' id='par_1_2' title="bbox 188 379 1347 4155">
     <span class='ocr_line' id='line_1_2' title="bbox 241 379 1264 473; baseline -0.003 -19"><span class='ocrx_word' id='word_1_3' title='bbox 241 383 288 454; x_wconf 78' lang='grc' dir='ltr'><em>ὢν</em></span> <span class='ocrx_word' id='word_1_4' title='bbox 305 387 360 453; x_wconf 80' lang='grc' dir='ltr'><em>καί</em></span> <span class='ocrx_word' id='word_1_5' title='bbox 378 382 554 473; x_wconf 78' lang='grc' dir='ltr'><strong><em>φιλήδονος</em></strong></span> <span class='ocrx_word' id='word_1_6' title='bbox 575 381 612 471; x_wconf 84' lang='grc' dir='ltr'><em>νὴ</em></span> <span class='ocrx_word' id='word_1_7' title='bbox 631 379 697 463; x_wconf 83' lang='grc' dir='ltr'><em>Δί’,</em></span> <span class='ocrx_word' id='word_1_8' title='bbox 721 382 752 450; x_wconf 84' lang='grc' dir='ltr'><em>εί</em></span> <span class='ocrx_word' id='word_1_9' title='bbox 772 385 827 449; x_wconf 80' lang='grc' dir='ltr'><em>καὶ</em></span> <span class='ocrx_word' id='word_1_10' title='bbox 847 380 892 471; x_wconf 83' lang='grc' dir='ltr'><em>μή</em></span> <span class='ocrx_word' id='word_1_11' title='bbox 913 392 984 461; x_wconf 89' lang='grc' dir='ltr'><em>τοῖς</em></span> <span class='ocrx_word' id='word_1_12' title='bbox 1005 383 1143 462; x_wconf 80' lang='grc' dir='ltr'><em>πολλοῖς</em></span> <span class='ocrx_word' id='word_1_13' title='bbox 1165 382 1264 451; x_wconf 82' lang='grc' dir='ltr'><em>δοκεῖ.</em></span> 
     </span>
     <span class='ocr_line' id='line_1_3' title="bbox 239 475 1265 576; baseline -0.004 -21"><span class='ocrx_word' id='word_1_14' title='bbox 239 492 275 556; x_wconf 90' lang='grc' dir='ltr'><em>τί</em></span> <span class='ocrx_word' id='word_1_15' title='bbox 300 492 407 576; x_wconf 83' lang='grc' dir='ltr'><em>σιγᾷς,</em></span> <span class='ocrx_word' id='word_1_16' title='bbox 440 475 678 570; x_wconf 75' lang='grc' dir='ltr'><em>ὦἙρμότιμες</em></span> <span class='ocrx_word' id='word_1_17' title='bbox 713 483 841 564; x_wconf 82' lang='grc' dir='ltr'><em>έθέλεις</em></span> <span class='ocrx_word' id='word_1_18' title='bbox 870 483 1078 572; x_wconf 78' lang='grc' dir='ltr'><em>διηγήσωμαι</em></span> <span class='ocrx_word' id='word_1_19' title='bbox 1103 482 1126 552; x_wconf 81' lang='lat'><strong><em>5</em></strong></span> <span class='ocrx_word' id='word_1_20' title='bbox 1151 484 1265 572; x_wconf 75' lang='grc' dir='ltr'><em>πρῴην</em></span> 
     </span>
     <span class='ocr_line' id='line_1_4' title="bbox 239 583 1266 678; baseline -0.004 -22"><span class='ocrx_word' id='word_1_21' title='bbox 239 585 364 678; x_wconf 86' lang='grc' dir='ltr'><em>ήκουσα</em></span> <span class='ocrx_word' id='word_1_22' title='bbox 380 584 465 675; x_wconf 77' lang='grc' dir='ltr'><em>ύπέρ</em></span> <span class='ocrx_word' id='word_1_23' title='bbox 484 589 687 676; x_wconf 80' lang='grc' dir='ltr'><em>φιλοσοφίας</em></span> <span class='ocrx_word' id='word_1_24' title='bbox 703 583 793 665; x_wconf 85' lang='grc' dir='ltr'><em>τινὸς</em></span> <span class='ocrx_word' id='word_1_25' title='bbox 810 588 959 674; x_wconf 87' lang='grc' dir='ltr'><em>λέγοντος</em></span> <span class='ocrx_word' id='word_1_26' title='bbox 976 583 1094 675; x_wconf 71' lang='grc' dir='ltr'><em>ἀνδρὸς</em></span> <span class='ocrx_word' id='word_1_27' title='bbox 1111 586 1200 654; x_wconf 88' lang='grc' dir='ltr'><em>πάνυ</em></span> <span class='ocrx_word' id='word_1_28' title='bbox 1212 611 1266 673; x_wconf 87' lang='grc' dir='ltr'><em>γε-</em></span> 
     </span>
     <span class='ocr_line' id='line_1_5' title="bbox 239 679 1266 780; baseline -0.001 -22"><span class='ocrx_word' id='word_1_29' title='bbox 239 690 431 780; x_wconf 85' lang='grc' dir='ltr'><em>γηρακότος,</em></span> <span class='ocrx_word' id='word_1_30' title='bbox 459 679 486 777; x_wconf 79' lang='grc' dir='ltr'><em>ᾦ</em></span> <span class='ocrx_word' id='word_1_31' title='bbox 508 689 703 774; x_wconf 78' lang='grc' dir='ltr'><em>πάμπολλοι</em></span> <span class='ocrx_word' id='word_1_32' title='bbox 723 694 788 756; x_wconf 83' lang='grc' dir='ltr'><em>τῶν</em></span> <span class='ocrx_word' id='word_1_33' title='bbox 810 692 891 756; x_wconf 87' lang='grc' dir='ltr'><em>νέων</em></span> <span class='ocrx_word' id='word_1_34' title='bbox 912 685 969 756; x_wconf 75' lang='grc' dir='ltr'><em>ἐπὶ</em></span> <span class='ocrx_word' id='word_1_35' title='bbox 996 694 1101 779; x_wconf 76' lang='grc' dir='ltr'><em>σοφίᾳ</em></span> <span class='ocrx_word' id='word_1_36' title='bbox 1123 688 1266 778; x_wconf 88' lang='grc' dir='ltr'><em>πλησιό-</em></span> 
     </span>
     <span class='ocr_line' id='line_1_6' title="bbox 239 788 1265 882; baseline -0.001 -21"><span class='ocrx_word' id='word_1_37' title='bbox 239 796 367 877; x_wconf 80' lang='grc' dir='ltr'><em>ζουσιν;</em></span> <span class='ocrx_word' id='word_1_38' title='bbox 385 789 537 860; x_wconf 80' lang='grc' dir='ltr'><em>ἀπαιτῶν</em></span> <span class='ocrx_word' id='word_1_39' title='bbox 549 789 611 882; x_wconf 80' lang='grc' dir='ltr'><em>γὰρ</em></span> <span class='ocrx_word' id='word_1_40' title='bbox 624 789 718 880; x_wconf 89' lang='grc' dir='ltr'><em>παρά</em></span> <span class='ocrx_word' id='word_1_41' title='bbox 729 815 819 870; x_wconf 91' lang='grc' dir='ltr'><em>τινος</em></span> <span class='ocrx_word' id='word_1_42' title='bbox 826 797 893 858; x_wconf 81' lang='grc' dir='ltr'><em>τῶν</em></span> <span class='ocrx_word' id='word_1_43' title='bbox 900 797 1062 880; x_wconf 76' lang='grc' dir='ltr'><strong><em>μαθητῶν</em></strong></span> <span class='ocrx_word' id='word_1_44' title='bbox 1072 788 1131 875; x_wconf 80' lang='grc' dir='ltr'><em>τὸν</em></span> <span class='ocrx_word' id='word_1_45' title='bbox 1139 789 1265 875; x_wconf 85' lang='grc' dir='ltr'><em>μισθὸν</em></span> 
     </span>
     <span class='ocr_line' id='line_1_7' title="bbox 239 890 1264 984; baseline -0.002 -20"><span class='ocrx_word' id='word_1_46' title='bbox 239 894 425 984; x_wconf 77' lang='grc' dir='ltr'><em>ἠγανάκτει,</em></span> <span class='ocrx_word' id='word_1_47' title='bbox 444 897 545 983; x_wconf 88' lang='grc' dir='ltr'><em>λέγων</em></span> <span class='ocrx_word' id='word_1_48' title='bbox 561 890 766 982; x_wconf 75' lang='grc' dir='ltr'><em>ὑπερήμερον</em></span> <span class='ocrx_word' id='word_1_49' title='bbox 784 890 940 961; x_wconf 73' lang='grc' dir='ltr'><em>εἶναικαὶ</em></span> <span class='ocrx_word' id='word_1_50' title='bbox 958 891 1190 984; x_wconf 73' lang='grc' dir='ltr'><em>ἐκπρόθεσμον</em></span> <span class='ocrx_word' id='word_1_51' title='bbox 1205 901 1264 962; x_wconf 84' lang='grc' dir='ltr'><em>τοῦ</em></span> 
     </span>
     <span class='ocr_line' id='line_1_8' title="bbox 241 992 1265 1088; baseline 0 -22"><span class='ocrx_word' id='word_1_52' title='bbox 241 994 441 1088; x_wconf 80' lang='grc' dir='ltr'><em>ὀφλήματος,</em></span> <span class='ocrx_word' id='word_1_53' title='bbox 461 997 499 1066; x_wconf 82' lang='grc' dir='ltr'><em>ὃν</em></span> <span class='ocrx_word' id='word_1_54' title='bbox 516 996 584 1065; x_wconf 73' lang='grc' dir='ltr'><em>ἔδει</em></span> <span class='ocrx_word' id='word_1_55' title='bbox 600 994 667 1082; x_wconf 84' lang='grc' dir='ltr'><em>πρὸ</em></span> <span class='ocrx_word' id='word_1_56' title='bbox 686 993 854 1062; x_wconf 76' lang='grc' dir='ltr'><em>ἑκκαίδεκα</em></span> <span class='ocrx_word' id='word_1_57' title='bbox 870 992 1000 1085; x_wconf 81' lang='grc' dir='ltr'><em>ἡμερῶν</em></span> <span class='ocrx_word' id='word_1_58' title='bbox 1017 995 1212 1066; x_wconf 73' lang='grc' dir='ltr'><em>ἐκτετικέναι</em></span> <span class='ocrx_word' id='word_1_59' title='bbox 1224 1002 1265 1086; x_wconf 84' lang='grc' dir='ltr'><em>τῇ</em></span> 
     </span>
     <span class='ocr_line' id='line_1_9' title="bbox 188 1095 1266 1190; baseline -0.005 -19"><span class='ocrx_word' id='word_1_60' title='bbox 188 1121 221 1171; x_wconf 84' lang='grc'><em>81</em></span> <span class='ocrx_word' id='word_1_61' title='bbox 240 1100 293 1190; x_wconf 77' lang='grc' dir='ltr'><em>ἐ’νη</em></span> <span class='ocrx_word' id='word_1_62' title='bbox 311 1104 367 1168; x_wconf 86' lang='grc' dir='ltr'><em>καί</em></span> <span class='ocrx_word' id='word_1_63' title='bbox 383 1105 455 1189; x_wconf 75' lang='grc' dir='ltr'><em>νέην·</em></span> <span class='ocrx_word' id='word_1_64' title='bbox 479 1095 565 1167; x_wconf 85' lang='grc' dir='ltr'><em>ούτω</em></span> <span class='ocrx_word' id='word_1_65' title='bbox 583 1097 644 1188; x_wconf 81' lang='grc' dir='ltr'><em>γάρ</em></span> <span class='ocrx_word' id='word_1_66' title='bbox 664 1102 863 1167; x_wconf 88' lang='grc' dir='ltr'><em>συνθέσθαι.</em></span> <span class='ocrx_word' id='word_1_67' title='bbox 898 1101 953 1166; x_wconf 82' lang='grc' dir='ltr'><em>καί</em></span> <span class='ocrx_word' id='word_1_68' title='bbox 971 1098 1046 1167; x_wconf 84' lang='grc' dir='ltr'><em>έπεὶ</em></span> <span class='ocrx_word' id='word_1_69' title='bbox 1062 1105 1168 1167; x_wconf 85' lang='grc' dir='ltr'><em>ταῦτα</em></span> <span class='ocrx_word' id='word_1_70' title='bbox 1185 1096 1266 1189; x_wconf 80' lang='grc' dir='ltr'><em>ἠγα-</em></span> 
     </span>
     <span class='ocr_line' id='line_1_10' title="bbox 239 1195 1265 1290; baseline -0.003 -18"><span class='ocrx_word' id='word_1_71' title='bbox 239 1204 362 1285; x_wconf 85' lang='grc' dir='ltr'><em>νάκτει,</em></span> <span class='ocrx_word' id='word_1_72' title='bbox 389 1199 563 1289; x_wconf 81' lang='grc' dir='ltr'><em>παρεστώς</em></span> <span class='ocrx_word' id='word_1_73' title='bbox 585 1197 603 1268; x_wconf 94' lang='lat'><strong><em>5</em></strong></span> <span class='ocrx_word' id='word_1_74' title='bbox 625 1207 722 1280; x_wconf 85' lang='grc' dir='ltr'><em>θεῖος</em></span> <span class='ocrx_word' id='word_1_75' title='bbox 741 1204 801 1267; x_wconf 87' lang='grc' dir='ltr'><em>τοῦ</em></span> <span class='ocrx_word' id='word_1_76' title='bbox 823 1205 1005 1283; x_wconf 87' lang='grc' dir='ltr'><em>νεανίσκου,</em></span> <span class='ocrx_word' id='word_1_77' title='bbox 1033 1195 1187 1290; x_wconf 81' lang='grc' dir='ltr'><em>άγροικος</em></span> <span class='ocrx_word' id='word_1_78' title='bbox 1210 1198 1265 1269; x_wconf 83' lang='grc' dir='ltr'><em>άν-</em></span> 
     </span>
     <span class='ocr_line' id='line_1_11' title="bbox 238 1298 1264 1396; baseline -0.001 -24"><span class='ocrx_word' id='word_1_79' title='bbox 238 1312 382 1396; x_wconf 87' lang='grc' dir='ltr'><em>θρωπυς</em></span> <span class='ocrx_word' id='word_1_80' title='bbox 392 1307 449 1371; x_wconf 83' lang='grc' dir='ltr'><em>καί</em></span> <span class='ocrx_word' id='word_1_81' title='bbox 463 1304 596 1392; x_wconf 79' lang='grc' dir='ltr'><em>ἰδιώτης</em></span> <span class='ocrx_word' id='word_1_82' title='bbox 606 1298 651 1383; x_wconf 72' lang='grc' dir='ltr'><em>ούς</em></span> <span class='ocrx_word' id='word_1_83' title='bbox 664 1301 750 1391; x_wconf 87' lang='grc' dir='ltr'><em>πρὸς</em></span> <span class='ocrx_word' id='word_1_84' title='bbox 760 1300 803 1370; x_wconf 83' lang='grc' dir='ltr'><em>τὰ</em></span> <span class='ocrx_word' id='word_1_85' title='bbox 815 1298 964 1393; x_wconf 83' lang='grc' dir='ltr'><em>ύμέτερα,</em></span> <span class='ocrx_word' id='word_1_86' title='bbox 980 1308 1147 1386; x_wconf 84' lang='grc' dir='ltr'><em>πέπαυσο,</em></span> <span class='ocrx_word' id='word_1_87' title='bbox 1162 1299 1264 1384; x_wconf 81' lang='grc' dir='ltr'><em>εἶπεν,</em></span> 
     </span>
     <span class='ocr_line' id='line_1_12' title="bbox 240 1399 1278 1495; baseline -0.003 -20"><span class='ocrx_word' id='word_1_88' title='bbox 240 1399 456 1492; x_wconf 79' lang='grc' dir='ltr'><em>ὦθαυμάσιε,</em></span> <span class='ocrx_word' id='word_1_89' title='bbox 475 1404 517 1473; x_wconf 84' lang='grc' dir='ltr'><em>τὰ</em></span> <span class='ocrx_word' id='word_1_90' title='bbox 526 1402 648 1492; x_wconf 76' lang='grc' dir='ltr'><em>μέγιστ’</em></span> <span class='ocrx_word' id='word_1_91' title='bbox 659 1402 841 1493; x_wconf 89' lang='grc' dir='ltr'><em>ήδικήσθαι</em></span> <span class='ocrx_word' id='word_1_92' title='bbox 849 1406 960 1492; x_wconf 88' lang='grc' dir='ltr'><em>λέγων,</em></span> <span class='ocrx_word' id='word_1_93' title='bbox 980 1404 1010 1473; x_wconf 81' lang='grc' dir='ltr'><em>εἰ</em></span> <span class='ocrx_word' id='word_1_94' title='bbox 1019 1406 1164 1495; x_wconf 83' lang='grc' dir='ltr'><em>ῥημάτια</em></span> <span class='ocrx_word' id='word_1_95' title='bbox 1172 1404 1278 1493; x_wconf 80' lang='grc' dir='ltr'><em>παρὰ,</em></span> 
     </span>
     <span class='ocr_line' id='line_1_13' title="bbox 240 1505 1265 1596; baseline -0.002 -19"><span class='ocrx_word' id='word_1_96' title='bbox 240 1516 300 1577; x_wconf 86' lang='grc' dir='ltr'><em>σού</em></span> <span class='ocrx_word' id='word_1_97' title='bbox 317 1510 494 1596; x_wconf 88' lang='grc' dir='ltr'><em>πριάμενοι</em></span> <span class='ocrx_word' id='word_1_98' title='bbox 510 1509 649 1594; x_wconf 86' lang='grc' dir='ltr'><em>μηδέπω</em></span> <span class='ocrx_word' id='word_1_99' title='bbox 669 1506 871 1592; x_wconf 77' lang='grc' dir='ltr'><em>ἐκτετίκαμεν</em></span> <span class='ocrx_word' id='word_1_100' title='bbox 888 1505 927 1575; x_wconf 88' lang='grc' dir='ltr'><em>τὸ</em></span> <span class='ocrx_word' id='word_1_101' title='bbox 947 1507 1119 1595; x_wconf 90' lang='grc' dir='ltr'><em>διάφορον.</em></span> <span class='ocrx_word' id='word_1_102' title='bbox 1154 1513 1265 1575; x_wconf 89' lang='grc' dir='ltr'><em>καίτοι</em></span> 
     </span>
     <span class='ocr_line' id='line_1_14' title="bbox 240 1606 1267 1698; baseline -0.004 -18"><span class='ocrx_word' id='word_1_103' title='bbox 240 1612 261 1680; x_wconf 82' lang='grc' dir='ltr'>ἃ</span> <span class='ocrx_word' id='word_1_104' title='bbox 278 1613 336 1696; x_wconf 72' lang='grc' dir='ltr'><em>μέν</em></span> <span class='ocrx_word' id='word_1_105' title='bbox 354 1608 431 1698; x_wconf 81' lang='grc' dir='ltr'><em>ἡμῖν</em></span> <span class='ocrx_word' id='word_1_106' title='bbox 448 1614 630 1695; x_wconf 85' lang='grc' dir='ltr'><em>πέπρακας,</em></span> <span class='ocrx_word' id='word_1_107' title='bbox 650 1608 733 1692; x_wconf 80' lang='grc' dir='ltr'><em>έχεις</em></span> <span class='ocrx_word' id='word_1_108' title='bbox 751 1608 800 1676; x_wconf 82' lang='grc' dir='ltr'><em>ἐ’τι</em></span> <span class='ocrx_word' id='word_1_109' title='bbox 816 1611 872 1676; x_wconf 82' lang='grc' dir='ltr'><em>καί</em></span> <span class='ocrx_word' id='word_1_110' title='bbox 885 1606 984 1690; x_wconf 76' lang='grc' dir='ltr'><em>αὐτὸς</em></span> <span class='ocrx_word' id='word_1_111' title='bbox 995 1613 1051 1677; x_wconf 88' lang='grc' dir='ltr'><em>καί</em></span> <span class='ocrx_word' id='word_1_112' title='bbox 1064 1606 1159 1677; x_wconf 77' lang='grc' dir='ltr'><em>οὐδέν</em></span> <span class='ocrx_word' id='word_1_113' title='bbox 1172 1610 1267 1677; x_wconf 82' lang='grc' dir='ltr'><em>έλυτ-</em></span> 
     </span>
     <span class='ocr_line' id='line_1_15' title="bbox 237 1701 1266 1801; baseline -0.005 -19"><span class='ocrx_word' id='word_1_114' title='bbox 237 1739 294 1783; x_wconf 93' lang='grc' dir='ltr'><em>τον</em></span> <span class='ocrx_word' id='word_1_115' title='bbox 311 1717 422 1801; x_wconf 90' lang='grc' dir='ltr'><em>γέγονέ</em></span> <span class='ocrx_word' id='word_1_116' title='bbox 439 1737 492 1780; x_wconf 93' lang='grc' dir='ltr'><em>σοι</em></span> <span class='ocrx_word' id='word_1_117' title='bbox 509 1718 576 1779; x_wconf 80' lang='grc' dir='ltr'><em>τῶν</em></span> <span class='ocrx_word' id='word_1_118' title='bbox 592 1710 816 1798; x_wconf 83' lang='grc' dir='ltr'><em>μαθημάτων·</em></span> <span class='ocrx_word' id='word_1_119' title='bbox 837 1708 930 1783; x_wconf 75' lang='grc' dir='ltr'><em>τὰδ’</em></span> <span class='ocrx_word' id='word_1_120' title='bbox 946 1707 1030 1778; x_wconf 71' lang='grc' dir='ltr'><em>ἄλλα</em></span> <span class='ocrx_word' id='word_1_121' title='bbox 1048 1701 1095 1777; x_wconf 81' lang='grc' dir='ltr'><em>ὦν</em></span> <span class='ocrx_word' id='word_1_122' title='bbox 1112 1709 1150 1794; x_wconf 72' lang='grc' dir='ltr'><em>ἐξ</em></span> <span class='ocrx_word' id='word_1_123' title='bbox 1166 1708 1266 1800; x_wconf 77' lang='grc' dir='ltr'><em>ἀρχῆς</em></span> 
     </span>
     <span class='ocr_line' id='line_1_16' title="bbox 239 1809 1266 1902; baseline -0.002 -19"><span class='ocrx_word' id='word_1_124' title='bbox 239 1815 417 1900; x_wconf 73' lang='grc' dir='ltr'><em>ἐπιθυμῶν</em></span> <span class='ocrx_word' id='word_1_125' title='bbox 434 1814 614 1902; x_wconf 92' lang='grc' dir='ltr'><em>συνέστησά</em></span> <span class='ocrx_word' id='word_1_126' title='bbox 633 1838 688 1882; x_wconf 93' lang='grc' dir='ltr'><em>σοι</em></span> <span class='ocrx_word' id='word_1_127' title='bbox 705 1810 761 1880; x_wconf 87' lang='grc' dir='ltr'><em>τὸν</em></span> <span class='ocrx_word' id='word_1_128' title='bbox 778 1818 952 1895; x_wconf 90' lang='grc' dir='ltr'><em>νεανίσκον,</em></span> <span class='ocrx_word' id='word_1_129' title='bbox 978 1809 996 1881; x_wconf 91' lang='lat'><strong><em>5</em></strong></span> <span class='ocrx_word' id='word_1_130' title='bbox 1015 1811 1047 1880; x_wconf 77' lang='grc' dir='ltr'><em>δ’</em></span> <span class='ocrx_word' id='word_1_131' title='bbox 1058 1809 1153 1881; x_wconf 79' lang='grc' dir='ltr'><em>ούδέν</em></span> <span class='ocrx_word' id='word_1_132' title='bbox 1172 1811 1266 1900; x_wconf 80' lang='grc' dir='ltr'><em>ἀμεί-</em></span> 
     </span>
     <span class='ocr_line' id='line_1_17' title="bbox 237 1911 1265 2006; baseline -0.002 -20"><span class='ocrx_word' id='word_1_133' title='bbox 237 1944 301 1986; x_wconf 88' lang='grc' dir='ltr'><em>νων</em></span> <span class='ocrx_word' id='word_1_134' title='bbox 318 1923 486 2005; x_wconf 89' lang='grc' dir='ltr'><em>γεγένηται</em></span> <span class='ocrx_word' id='word_1_135' title='bbox 504 1915 561 1984; x_wconf 85' lang='grc' dir='ltr'><em>διὰ</em></span> <span class='ocrx_word' id='word_1_136' title='bbox 579 1917 625 1997; x_wconf 81' lang='grc' dir='ltr'><em>σέ,</em></span> <span class='ocrx_word' id='word_1_137' title='bbox 645 1915 683 1995; x_wconf 81' lang='grc' dir='ltr'><em>ὃς</em></span> <span class='ocrx_word' id='word_1_138' title='bbox 697 1912 822 2000; x_wconf 86' lang='grc' dir='ltr'><em>τούμού</em></span> <span class='ocrx_word' id='word_1_139' title='bbox 834 1920 978 2003; x_wconf 88' lang='grc' dir='ltr'><em>γείτονος</em></span> <span class='ocrx_word' id='word_1_140' title='bbox 987 1911 1195 2006; x_wconf 76' lang='grc' dir='ltr'><em>Ἐχεκράτους</em></span> <span class='ocrx_word' id='word_1_141' title='bbox 1207 1917 1265 2004; x_wconf 80' lang='grc' dir='ltr'><em>τήν</em></span> 
     </span>
     <span class='ocr_line' id='line_1_18' title="bbox 237 2008 1266 2108; baseline -0.002 -21"><span class='ocrx_word' id='word_1_142' title='bbox 237 2026 406 2108; x_wconf 83' lang='grc' dir='ltr'><em>θυγατέρα</em></span> <span class='ocrx_word' id='word_1_143' title='bbox 416 2019 630 2107; x_wconf 82' lang='grc' dir='ltr'><em>συναρπάσας</em></span> <span class='ocrx_word' id='word_1_144' title='bbox 642 2022 812 2108; x_wconf 82' lang='grc' dir='ltr'><em>παρθένον</em></span> <span class='ocrx_word' id='word_1_145' title='bbox 826 2008 927 2085; x_wconf 76' lang='grc' dir='ltr'><em>οὖσαν</em></span> <span class='ocrx_word' id='word_1_146' title='bbox 942 2017 1115 2106; x_wconf 88' lang='grc' dir='ltr'><em>διέφθειρε</em></span> <span class='ocrx_word' id='word_1_147' title='bbox 1127 2022 1182 2087; x_wconf 77' lang='grc' dir='ltr'><em>καί</em></span> <span class='ocrx_word' id='word_1_148' title='bbox 1194 2016 1266 2086; x_wconf 84' lang='grc' dir='ltr'><em>όλί-</em></span> 
     </span>
     <span class='ocr_line' id='line_1_19' title="bbox 237 2117 1265 2210; baseline -0.002 -21"><span class='ocrx_word' id='word_1_149' title='bbox 237 2147 296 2209; x_wconf 91' lang='grc' dir='ltr'><em>γου</em></span> <span class='ocrx_word' id='word_1_150' title='bbox 320 2122 410 2209; x_wconf 91' lang='grc' dir='ltr'><em>δίκην</em></span> <span class='ocrx_word' id='word_1_151' title='bbox 433 2120 531 2210; x_wconf 73' lang='grc' dir='ltr'><em>’ἔφυγε</em></span> <span class='ocrx_word' id='word_1_152' title='bbox 551 2126 680 2206; x_wconf 79' lang='grc' dir='ltr'><em>βιαίων,</em></span> <span class='ocrx_word' id='word_1_153' title='bbox 705 2120 735 2188; x_wconf 84' lang='grc' dir='ltr'><em>εί</em></span> <span class='ocrx_word' id='word_1_154' title='bbox 755 2118 800 2209; x_wconf 81' lang='grc' dir='ltr'><em>μή</em></span> <span class='ocrx_word' id='word_1_155' title='bbox 824 2118 887 2207; x_wconf 80' lang='grc' dir='ltr'><em>έγιὺ</em></span> <span class='ocrx_word' id='word_1_156' title='bbox 910 2120 1069 2187; x_wconf 85' lang='grc' dir='ltr'><em>ταλάντου</em></span> <span class='ocrx_word' id='word_1_157' title='bbox 1089 2117 1265 2209; x_wconf 76' lang='grc' dir='ltr'><em>ὠνησάμην</em></span> 
     </span>
     <span class='ocr_line' id='line_1_20' title="bbox 236 2220 1266 2313; baseline 0 -22"><span class='ocrx_word' id='word_1_158' title='bbox 236 2223 275 2292; x_wconf 88' lang='grc' dir='ltr'><em>τὸ</em></span> <span class='ocrx_word' id='word_1_159' title='bbox 298 2227 518 2312; x_wconf 88' lang='grc' dir='ltr'><em>πλημμέλημα</em></span> <span class='ocrx_word' id='word_1_160' title='bbox 539 2222 632 2312; x_wconf 84' lang='grc' dir='ltr'><em>παρὰ</em></span> <span class='ocrx_word' id='word_1_161' title='bbox 654 2228 794 2312; x_wconf 86' lang='grc' dir='ltr'><em>πένητος</em></span> <span class='ocrx_word' id='word_1_162' title='bbox 820 2220 938 2313; x_wconf 85' lang='grc' dir='ltr'><em>άνδρὸς</em></span> <span class='ocrx_word' id='word_1_163' title='bbox 962 2230 1021 2290; x_wconf 85' lang='grc' dir='ltr'><em>τού</em></span> <span class='ocrx_word' id='word_1_164' title='bbox 1039 2222 1266 2313; x_wconf 80' lang='grc' dir='ltr'><em>Ἐχεκράτους·</em></span> 
     </span>
     <span class='ocr_line' id='line_1_21' title="bbox 236 2322 1265 2415; baseline -0.001 -21"><span class='ocrx_word' id='word_1_165' title='bbox 236 2325 294 2414; x_wconf 82' lang='grc' dir='ltr'><em>τήν</em></span> <span class='ocrx_word' id='word_1_166' title='bbox 310 2332 435 2415; x_wconf 84' lang='grc' dir='ltr'><em>μητέρα</em></span> <span class='ocrx_word' id='word_1_167' title='bbox 452 2327 489 2394; x_wconf 81' lang='grc' dir='ltr'><em>δὲ</em></span> <span class='ocrx_word' id='word_1_168' title='bbox 505 2327 620 2415; x_wconf 80' lang='grc' dir='ltr'><em>πρῴην</em></span> <span class='ocrx_word' id='word_1_169' title='bbox 638 2324 823 2414; x_wconf 71' lang='grc' dir='ltr'><em>ἐρράπισεν,</em></span> <span class='ocrx_word' id='word_1_170' title='bbox 848 2322 901 2394; x_wconf 82' lang='grc' dir='ltr'><em>ὅτι</em></span> <span class='ocrx_word' id='word_1_171' title='bbox 919 2323 1018 2394; x_wconf 86' lang='grc' dir='ltr'><em>αύτού</em></span> <span class='ocrx_word' id='word_1_172' title='bbox 1041 2325 1178 2411; x_wconf 85' lang='grc' dir='ltr'><em>έλάβετο</em></span> <span class='ocrx_word' id='word_1_173' title='bbox 1196 2323 1265 2395; x_wconf 87' lang='grc' dir='ltr'><em>ύπὸ</em></span> 
     </span>
     <span class='ocr_line' id='line_1_22' title="bbox 236 2425 1265 2514; baseline 0.002 -20"><span class='ocrx_word' id='word_1_174' title='bbox 236 2428 361 2496; x_wconf 87' lang='grc' dir='ltr'><em>κόλπου</em></span> <span class='ocrx_word' id='word_1_175' title='bbox 381 2427 603 2513; x_wconf 71' lang='grc' dir='ltr'><em>ἐκκομίζοντος</em></span> <span class='ocrx_word' id='word_1_176' title='bbox 619 2426 676 2496; x_wconf 85' lang='grc' dir='ltr'><em>τὸν</em></span> <span class='ocrx_word' id='word_1_177' title='bbox 692 2428 801 2509; x_wconf 89' lang='grc' dir='ltr'><em>κάδον,</em></span> <span class='ocrx_word' id='word_1_178' title='bbox 822 2425 867 2508; x_wconf 77' lang='grc' dir='ltr'><em>ὥς</em></span> <span class='ocrx_word' id='word_1_179' title='bbox 881 2427 949 2512; x_wconf 77' lang='grc' dir='ltr'><em>έχοι</em></span> <span class='ocrx_word' id='word_1_180' title='bbox 962 2427 1137 2514; x_wconf 80' lang='grc' dir='ltr'><em>συμβολάς,</em></span> <span class='ocrx_word' id='word_1_181' title='bbox 1159 2426 1265 2514; x_wconf 74' lang='grc' dir='ltr'><em>οἶμαι,</em></span> 
     </span>
     <span class='ocr_line' id='line_1_23' title="bbox 236 2526 1268 2619; baseline 0.001 -22"><span class='ocrx_word' id='word_1_182' title='bbox 236 2537 443 2599; x_wconf 87' lang='grc' dir='ltr'><em>καταθεῖναι.</em></span> <span class='ocrx_word' id='word_1_183' title='bbox 478 2529 521 2598; x_wconf 83' lang='grc' dir='ltr'><em>τὰ</em></span> <span class='ocrx_word' id='word_1_184' title='bbox 537 2531 597 2615; x_wconf 85' lang='grc' dir='ltr'><em>μέν</em></span> <span class='ocrx_word' id='word_1_185' title='bbox 617 2528 679 2617; x_wconf 83' lang='grc' dir='ltr'><em>γὰρ</em></span> <span class='ocrx_word' id='word_1_186' title='bbox 702 2530 749 2611; x_wconf 77' lang='grc' dir='ltr'><em>εἰς</em></span> <span class='ocrx_word' id='word_1_187' title='bbox 771 2526 878 2619; x_wconf 80' lang='grc' dir='ltr'><em>όργὴν</em></span> <span class='ocrx_word' id='word_1_188' title='bbox 891 2534 947 2599; x_wconf 81' lang='grc' dir='ltr'><em>καί</em></span> <span class='ocrx_word' id='word_1_189' title='bbox 968 2529 1079 2616; x_wconf 86' lang='grc' dir='ltr'><em>θυμὸν</em></span> <span class='ocrx_word' id='word_1_190' title='bbox 1093 2534 1153 2598; x_wconf 82' lang='grc' dir='ltr'><em>καί</em></span> <span class='ocrx_word' id='word_1_191' title='bbox 1170 2527 1268 2599; x_wconf 84' lang='grc' dir='ltr'><em>άναι-</em></span> 
     </span>
     <span class='ocr_line' id='line_1_24' title="bbox 238 2629 1268 2722; baseline 0 -21"><span class='ocrx_word' id='word_1_192' title='bbox 238 2638 388 2714; x_wconf 88' lang='grc' dir='ltr'><em>σχυυτίαν</em></span> <span class='ocrx_word' id='word_1_193' title='bbox 409 2636 464 2700; x_wconf 86' lang='grc' dir='ltr'><em>καλ</em></span> <span class='ocrx_word' id='word_1_194' title='bbox 483 2631 517 2713; x_wconf 82' lang='grc' dir='ltr'><em>ές</em></span> <span class='ocrx_word' id='word_1_195' title='bbox 537 2633 661 2718; x_wconf 89' lang='grc' dir='ltr'><em>τόλμαν</em></span> <span class='ocrx_word' id='word_1_196' title='bbox 682 2636 738 2699; x_wconf 88' lang='grc' dir='ltr'><em>καί</em></span> <span class='ocrx_word' id='word_1_197' title='bbox 759 2634 886 2719; x_wconf 79' lang='grc' dir='ltr'><em>ψεῦδος</em></span> <span class='ocrx_word' id='word_1_198' title='bbox 906 2639 1021 2722; x_wconf 77' lang='grc' dir='ltr'><em>μακρῷ</em></span> <span class='ocrx_word' id='word_1_199' title='bbox 1042 2659 1109 2701; x_wconf 90' lang='grc' dir='ltr'><em>τινι</em></span> <span class='ocrx_word' id='word_1_200' title='bbox 1131 2629 1268 2719; x_wconf 86' lang='grc' dir='ltr'><em>άμεινον</em></span> 
     </span>
     <span class='ocr_line' id='line_1_25' title="bbox 237 2731 1269 2828; baseline 0.001 -26"><span class='ocrx_word' id='word_1_201' title='bbox 237 2732 302 2818; x_wconf 80' lang='grc' dir='ltr'><em>εἶχε</em></span> <span class='ocrx_word' id='word_1_202' title='bbox 320 2740 458 2824; x_wconf 88' lang='grc' dir='ltr'><em>πέρυσιν</em></span> <span class='ocrx_word' id='word_1_203' title='bbox 475 2732 497 2824; x_wconf 82' lang='grc' dir='ltr'>ἢ</span> <span class='ocrx_word' id='word_1_204' title='bbox 514 2740 584 2828; x_wconf 58' lang='grc' dir='ltr'><em>νῦνῆ</em></span> <span class='ocrx_word' id='word_1_205' title='bbox 606 2740 714 2802; x_wconf 88' lang='grc' dir='ltr'><em>καίτοι</em></span> <span class='ocrx_word' id='word_1_206' title='bbox 726 2731 911 2822; x_wconf 69' lang='grc' dir='ltr'><em>’ἐβουλόμην</em></span> <span class='ocrx_word' id='word_1_207' title='bbox 934 2732 973 2802; x_wconf 84' lang='grc' dir='ltr'><em>άν</em></span> <span class='ocrx_word' id='word_1_208' title='bbox 991 2732 1091 2802; x_wconf 81' lang='grc' dir='ltr'><em>αὐτὸν</em></span> <span class='ocrx_word' id='word_1_209' title='bbox 1109 2734 1142 2816; x_wconf 84' lang='grc' dir='ltr'><em>ές</em></span> <span class='ocrx_word' id='word_1_210' title='bbox 1159 2742 1269 2803; x_wconf 81' lang='grc' dir='ltr'><em>ταῦτα</em></span> 
     </span>
     <span class='ocr_line' id='line_1_26' title="bbox 238 2834 1347 2926; baseline -0.002 -22"><span class='ocrx_word' id='word_1_211' title='bbox 238 2834 438 2926; x_wconf 78' lang='grc' dir='ltr'><em>ὠφελῆσθαι</em></span> <span class='ocrx_word' id='word_1_212' title='bbox 454 2834 522 2906; x_wconf 86' lang='grc' dir='ltr'><em>ύπδ</em></span> <span class='ocrx_word' id='word_1_213' title='bbox 541 2843 602 2906; x_wconf 84' lang='grc' dir='ltr'><em>σοῦ</em></span> <span class='ocrx_word' id='word_1_214' title='bbox 619 2840 742 2922; x_wconf 88' lang='grc' dir='ltr'><em>μᾶλλον</em></span> <span class='ocrx_word' id='word_1_215' title='bbox 763 2834 848 2925; x_wconf 87' lang='grc' dir='ltr'><em>ήπερ</em></span> <span class='ocrx_word' id='word_1_216' title='bbox 872 2837 977 2905; x_wconf 76' lang='grc' dir='ltr'><em>ἐκεῖνα</em></span> <span class='ocrx_word' id='word_1_217' title='bbox 1000 2837 1122 2905; x_wconf 83' lang='grc' dir='ltr'><em>εἰδέναι</em></span> <span class='ocrx_word' id='word_1_218' title='bbox 1143 2835 1263 2904; x_wconf 79' lang='grc' dir='ltr'><em>ἃκαθ’</em></span> <span class='ocrx_word' id='word_1_219' title='bbox 1346 2920 1347 2925; x_wconf 9' lang='lat'>¹</span> 
     </span>
     <span class='ocr_line' id='line_1_27' title="bbox 237 2936 1268 3029; baseline -0.001 -21"><span class='ocrx_word' id='word_1_220' title='bbox 237 2938 374 3029; x_wconf 76' lang='grc' dir='ltr'><em>ἑκάστην</em></span> <span class='ocrx_word' id='word_1_221' title='bbox 391 2938 513 3029; x_wconf 77' lang='grc' dir='ltr'><em>ἡμέραν</em></span> <span class='ocrx_word' id='word_1_222' title='bbox 530 2938 616 3027; x_wconf 85' lang='grc' dir='ltr'><em>πρὸς</em></span> <span class='ocrx_word' id='word_1_223' title='bbox 630 2936 719 3028; x_wconf 80' lang='grc' dir='ltr'><em>ἡμᾶς</em></span> <span class='ocrx_word' id='word_1_224' title='bbox 737 2937 831 3007; x_wconf 75' lang='grc' dir='ltr'><em>οὐδέν</em></span> <span class='ocrx_word' id='word_1_225' title='bbox 850 2940 1022 3024; x_wconf 87' lang='grc' dir='ltr'><em>δεομένους</em></span> <span class='ocrx_word' id='word_1_226' title='bbox 1034 2939 1129 3029; x_wconf 84' lang='grc' dir='ltr'><em>παρὰ</em></span> <span class='ocrx_word' id='word_1_227' title='bbox 1140 2938 1177 3007; x_wconf 86' lang='grc' dir='ltr'><em>τὸ</em></span> <span class='ocrx_word' id='word_1_228' title='bbox 1192 2940 1268 3007; x_wconf 85' lang='grc' dir='ltr'><em>δεῖ-</em></span> 
     </span>
     <span class='ocr_line' id='line_1_28' title="bbox 209 3034 1346 3133; baseline 0 -23"><span class='ocrx_word' id='word_1_229' title='bbox 209 3068 318 3133; x_wconf 52' lang='grc' dir='ltr'><em>ἱπνον</em></span> <span class='ocrx_word' id='word_1_230' title='bbox 346 3042 555 3127; x_wconf 86' lang='grc' dir='ltr'><em>διεξέρχεται,</em></span> <span class='ocrx_word' id='word_1_231' title='bbox 588 3039 635 3122; x_wconf 78' lang='grc' dir='ltr'><em>ὥς</em></span> <span class='ocrx_word' id='word_1_232' title='bbox 658 3042 866 3130; x_wconf 89' lang='grc' dir='ltr'><em>κροκόδειλος</em></span> <span class='ocrx_word' id='word_1_233' title='bbox 889 3037 1020 3130; x_wconf 85' lang='grc' dir='ltr'><em>ήρπασε</em></span> <span class='ocrx_word' id='word_1_234' title='bbox 1045 3042 1181 3111; x_wconf 88' lang='grc' dir='ltr'><em>παιδίον</em></span> <span class='ocrx_word' id='word_1_235' title='bbox 1206 3047 1268 3110; x_wconf 84' lang='grc' dir='ltr'><em>καί</em></span> <span class='ocrx_word' id='word_1_236' title='bbox 1345 3034 1346 3053; x_wconf 60' lang='lat'><em>³</em></span> 
     </span>
     <span class='ocr_line' id='line_1_29' title="bbox 235 3140 1268 3234; baseline 0 -23"><span class='ocrx_word' id='word_1_237' title='bbox 235 3141 417 3231; x_wconf 82' lang='grc' dir='ltr'><em>ύπέσχηται</em></span> <span class='ocrx_word' id='word_1_238' title='bbox 435 3140 624 3211; x_wconf 77' lang='grc' dir='ltr'><em>ἀποδώσειν</em></span> <span class='ocrx_word' id='word_1_239' title='bbox 642 3141 731 3226; x_wconf 86' lang='grc' dir='ltr'><em>αύτὸ,</em></span> <span class='ocrx_word' id='word_1_240' title='bbox 750 3141 789 3232; x_wconf 83' lang='grc' dir='ltr'><em>ήν</em></span> <span class='ocrx_word' id='word_1_241' title='bbox 808 3141 1025 3234; x_wconf 86' lang='grc' dir='ltr'><em>άποκρίνηται</em></span> <span class='ocrx_word' id='word_1_242' title='bbox 1042 3141 1060 3212; x_wconf 97' lang='lat'><strong><em>5</em></strong></span> <span class='ocrx_word' id='word_1_243' title='bbox 1078 3142 1189 3232; x_wconf 80' lang='grc' dir='ltr'><em>πατήρ</em></span> <span class='ocrx_word' id='word_1_244' title='bbox 1205 3141 1268 3212; x_wconf 84' lang='grc' dir='ltr'><em>ούκ</em></span> 
     </span>
     <span class='ocr_line' id='line_1_30' title="bbox 237 3240 1267 3336; baseline -0.001 -23"><span class='ocrx_word' id='word_1_245' title='bbox 237 3240 335 3313; x_wconf 74' lang='grc' dir='ltr'><em>οἶδ’ἷύ</em></span> <span class='ocrx_word' id='word_1_246' title='bbox 352 3271 398 3329; x_wconf 92' lang='grc' dir='ltr'><em>τι,</em></span> <span class='ocrx_word' id='word_1_247' title='bbox 421 3242 507 3334; x_wconf 81' lang='grc' dir='ltr'><em>ήῶς</em></span> <span class='ocrx_word' id='word_1_248' title='bbox 523 3242 698 3333; x_wconf 77' lang='grc' dir='ltr'><em>ἀναγκαῖόν</em></span> <span class='ocrx_word' id='word_1_249' title='bbox 721 3245 809 3316; x_wconf 76' lang='grc' dir='ltr'><em>ἔστιν</em></span> <span class='ocrx_word' id='word_1_250' title='bbox 830 3244 955 3335; x_wconf 76' lang='grc' dir='ltr'><em>ἡμέρας</em></span> <span class='ocrx_word' id='word_1_251' title='bbox 977 3243 1077 3336; x_wconf 83' lang='grc' dir='ltr'><em>οόσης</em></span> <span class='ocrx_word' id='word_1_252' title='bbox 1097 3245 1142 3334; x_wconf 79' lang='grc' dir='ltr'><em>μή</em></span> <span class='ocrx_word' id='word_1_253' title='bbox 1164 3247 1267 3314; x_wconf 86' lang='grc' dir='ltr'><em>νύκτα</em></span> 
     </span>
     <span class='ocr_line' id='line_1_31' title="bbox 237 3344 1267 3438; baseline 0.002 -24"><span class='ocrx_word' id='word_1_254' title='bbox 237 3344 336 3415; x_wconf 79' lang='grc' dir='ltr'><em>εἶναι·</em></span> <span class='ocrx_word' id='word_1_255' title='bbox 359 3346 461 3417; x_wconf 77' lang='grc' dir='ltr'><em>ένίοτε</em></span> <span class='ocrx_word' id='word_1_256' title='bbox 479 3349 586 3417; x_wconf 76' lang='grc' dir='ltr'><em>δὲκαὶ</em></span> <span class='ocrx_word' id='word_1_257' title='bbox 603 3346 817 3438; x_wconf 32' lang='grc' dir='ltr'><em>κέραταρήμῖν</em></span> <span class='ocrx_word' id='word_1_258' title='bbox 835 3347 853 3417; x_wconf 95' lang='lat'><strong><em>5</em></strong></span> <span class='ocrx_word' id='word_1_259' title='bbox 875 3360 1021 3436; x_wconf 86' lang='grc' dir='ltr'><em>γενναῖος</em></span> <span class='ocrx_word' id='word_1_260' title='bbox 1042 3346 1185 3438; x_wconf 80' lang='grc' dir='ltr'><em>ἀναφύει</em></span> <span class='ocrx_word' id='word_1_261' title='bbox 1203 3344 1267 3416; x_wconf 79' lang='grc' dir='ltr'><em>οὖν</em></span> 
     </span>
     <span class='ocr_line' id='line_1_32' title="bbox 238 3445 1266 3541; baseline 0 -24"><span class='ocrx_word' id='word_1_262' title='bbox 238 3446 303 3518; x_wconf 74' lang='grc' dir='ltr'><em>οἷδ’</em></span> <span class='ocrx_word' id='word_1_263' title='bbox 315 3445 409 3532; x_wconf 79' lang='grc' dir='ltr'><em>ὅπως</em></span> <span class='ocrx_word' id='word_1_264' title='bbox 425 3453 631 3541; x_wconf 85' lang='grc' dir='ltr'><em>περιπλέκων</em></span> <span class='ocrx_word' id='word_1_265' title='bbox 647 3449 704 3519; x_wconf 88' lang='grc' dir='ltr'><em>τὸν</em></span> <span class='ocrx_word' id='word_1_266' title='bbox 721 3452 827 3538; x_wconf 87' lang='grc' dir='ltr'><em>λόγον.</em></span> <span class='ocrx_word' id='word_1_267' title='bbox 862 3448 957 3540; x_wconf 74' lang='grc' dir='ltr'><em>ἡμεῖς</em></span> <span class='ocrx_word' id='word_1_268' title='bbox 979 3451 1015 3519; x_wconf 81' lang='grc' dir='ltr'><em>δὲ</em></span> <span class='ocrx_word' id='word_1_269' title='bbox 1035 3453 1179 3539; x_wconf 77' lang='grc' dir='ltr'><em>γελῶμεν</em></span> <span class='ocrx_word' id='word_1_270' title='bbox 1204 3449 1266 3518; x_wconf 82' lang='grc' dir='ltr'><em>έπλ</em></span> 
     </span>
     <span class='ocr_line' id='line_1_33' title="bbox 236 3544 1268 3642; baseline 0 -22"><span class='ocrx_word' id='word_1_271' title='bbox 236 3552 380 3634; x_wconf 89' lang='grc' dir='ltr'><em>τούτοις,</em></span> <span class='ocrx_word' id='word_1_272' title='bbox 402 3556 458 3621; x_wconf 88' lang='grc' dir='ltr'><em>καὶ</em></span> <span class='ocrx_word' id='word_1_273' title='bbox 473 3552 617 3638; x_wconf 89' lang='grc' dir='ltr'><em>μάλιστα</em></span> <span class='ocrx_word' id='word_1_274' title='bbox 637 3548 715 3621; x_wconf 85' lang='grc' dir='ltr'><em>όταν</em></span> <span class='ocrx_word' id='word_1_275' title='bbox 733 3552 974 3640; x_wconf 79' lang='grc' dir='ltr'><em>ἐπιβυσάμενος</em></span> <span class='ocrx_word' id='word_1_276' title='bbox 989 3552 1032 3621; x_wconf 81' lang='grc' dir='ltr'><em>τὰ</em></span> <span class='ocrx_word' id='word_1_277' title='bbox 1055 3544 1125 3621; x_wconf 83' lang='grc' dir='ltr'><em>ὦτα</em></span> <span class='ocrx_word' id='word_1_278' title='bbox 1140 3554 1268 3642; x_wconf 78' lang='grc' dir='ltr'><em>μελετᾷ</em></span> 
     </span>
     <span class='ocr_line' id='line_1_34' title="bbox 235 3652 1269 3744; baseline -0.001 -21"><span class='ocrx_word' id='word_1_279' title='bbox 235 3653 322 3744; x_wconf 89' lang='grc' dir='ltr'><em>πρὸς</em></span> <span class='ocrx_word' id='word_1_280' title='bbox 342 3652 440 3724; x_wconf 86' lang='grc' dir='ltr'><em>αύτδν</em></span> <span class='ocrx_word' id='word_1_281' title='bbox 463 3655 545 3737; x_wconf 73' lang='grc' dir='ltr'><em>ἕξεις</em></span> <span class='ocrx_word' id='word_1_282' title='bbox 565 3653 658 3737; x_wconf 83' lang='grc' dir='ltr'><em>τινὰς</em></span> <span class='ocrx_word' id='word_1_283' title='bbox 677 3658 733 3723; x_wconf 85' lang='grc' dir='ltr'><em>καὶ</em></span> <span class='ocrx_word' id='word_1_284' title='bbox 755 3661 881 3739; x_wconf 89' lang='grc' dir='ltr'><em>σχέσεις</em></span> <span class='ocrx_word' id='word_1_285' title='bbox 902 3660 957 3723; x_wconf 85' lang='grc' dir='ltr'><em>καὶ</em></span> <span class='ocrx_word' id='word_1_286' title='bbox 978 3656 1180 3744; x_wconf 81' lang='grc' dir='ltr'><em>καταλήψεις</em></span> <span class='ocrx_word' id='word_1_287' title='bbox 1206 3658 1269 3722; x_wconf 83' lang='grc' dir='ltr'><em>καί</em></span> 
     </span>
     <span class='ocr_line' id='line_1_35' title="bbox 236 3754 1268 3846; baseline 0 -21"><span class='ocrx_word' id='word_1_288' title='bbox 236 3765 421 3846; x_wconf 87' lang='grc' dir='ltr'><em>φαντασίας</em></span> <span class='ocrx_word' id='word_1_289' title='bbox 428 3761 484 3825; x_wconf 82' lang='grc' dir='ltr'><em>καί</em></span> <span class='ocrx_word' id='word_1_290' title='bbox 494 3765 632 3826; x_wconf 79' lang='grc' dir='ltr'><em>τοιαῦτα</em></span> <span class='ocrx_word' id='word_1_291' title='bbox 645 3756 754 3826; x_wconf 80' lang='grc' dir='ltr'><em>πολλὰ</em></span> <span class='ocrx_word' id='word_1_292' title='bbox 768 3756 915 3843; x_wconf 86' lang='grc' dir='ltr'><em>ὀνόματα</em></span> <span class='ocrx_word' id='word_1_293' title='bbox 932 3759 1072 3840; x_wconf 80' lang='grc' dir='ltr'><em>διεξιών.</em></span> <span class='ocrx_word' id='word_1_294' title='bbox 1099 3754 1268 3843; x_wconf 75' lang='grc' dir='ltr'><em>ἀκούομεν</em></span> 
     </span>
     <span class='ocr_line' id='line_1_36' title="bbox 237 3857 1266 3950; baseline -0.001 -21"><span class='ocrx_word' id='word_1_295' title='bbox 237 3863 274 3929; x_wconf 80' lang='grc' dir='ltr'><em>δὲ</em></span> <span class='ocrx_word' id='word_1_296' title='bbox 295 3858 394 3929; x_wconf 81' lang='grc' dir='ltr'><em>αὐτοῦ</em></span> <span class='ocrx_word' id='word_1_297' title='bbox 417 3860 563 3947; x_wconf 84' lang='grc' dir='ltr'><em>λέγοντος</em></span> <span class='ocrx_word' id='word_1_298' title='bbox 586 3857 632 3940; x_wconf 77' lang='grc' dir='ltr'><em>ὥς</em></span> <span class='ocrx_word' id='word_1_299' title='bbox 652 3864 707 3928; x_wconf 87' lang='grc' dir='ltr'><em>καλ</em></span> <span class='ocrx_word' id='word_1_300' title='bbox 730 3858 748 3929; x_wconf 93' lang='lat'><strong><em>5</em></strong></span> <span class='ocrx_word' id='word_1_301' title='bbox 772 3860 854 3941; x_wconf 88' lang='grc' dir='ltr'><em>θεὸς</em></span> <span class='ocrx_word' id='word_1_302' title='bbox 876 3857 934 3928; x_wconf 87' lang='grc' dir='ltr'><em>ούκ</em></span> <span class='ocrx_word' id='word_1_303' title='bbox 955 3859 988 3929; x_wconf 84' lang='grc' dir='ltr'><em>έν</em></span> <span class='ocrx_word' id='word_1_304' title='bbox 1010 3858 1136 3950; x_wconf 78' lang='grc' dir='ltr'><em>ούρανηῖ</em></span> <span class='ocrx_word' id='word_1_305' title='bbox 1160 3858 1266 3941; x_wconf 74' lang='grc' dir='ltr'><em>ἔστιν,</em></span> 
     </span>
     <span class='ocr_line' id='line_1_37' title="bbox 239 3959 1270 4052; baseline 0 -22"><span class='ocrx_word' id='word_1_306' title='bbox 239 3959 321 4030; x_wconf 78' lang='grc' dir='ltr'><em>ἀλλὰ</em></span> <span class='ocrx_word' id='word_1_307' title='bbox 339 3962 396 4031; x_wconf 86' lang='grc' dir='ltr'><em>διὰ</em></span> <span class='ocrx_word' id='word_1_308' title='bbox 413 3964 545 4032; x_wconf 90' lang='grc' dir='ltr'><em>πάντων</em></span> <span class='ocrx_word' id='word_1_309' title='bbox 563 3969 769 4052; x_wconf 87' lang='grc' dir='ltr'><em>πεφοίτηκεν,</em></span> <span class='ocrx_word' id='word_1_310' title='bbox 794 3961 864 4033; x_wconf 80' lang='grc' dir='ltr'><em>οἷον</em></span> <span class='ocrx_word' id='word_1_311' title='bbox 883 3964 987 4045; x_wconf 81' lang='grc' dir='ltr'><em>ξύλων</em></span> <span class='ocrx_word' id='word_1_312' title='bbox 1007 3966 1063 4030; x_wconf 89' lang='grc' dir='ltr'><em>καί</em></span> <span class='ocrx_word' id='word_1_313' title='bbox 1079 3966 1188 4030; x_wconf 88' lang='grc' dir='ltr'><em>λίθων</em></span> <span class='ocrx_word' id='word_1_314' title='bbox 1204 3965 1270 4030; x_wconf 83' lang='grc' dir='ltr'><em>καὶ</em></span> 
     </span>
     <span class='ocr_line' id='line_1_38' title="bbox 240 4062 1271 4155; baseline 0.005 -27"><span class='ocrx_word' id='word_1_315' title='bbox 240 4064 339 4150; x_wconf 77' lang='grc' dir='ltr'><em>ζῴων,</em></span> <span class='ocrx_word' id='word_1_316' title='bbox 359 4062 434 4155; x_wconf 82' lang='grc' dir='ltr'><em>άχρι</em></span> <span class='ocrx_word' id='word_1_317' title='bbox 451 4068 587 4134; x_wconf 77' lang='grc' dir='ltr'><em>καὶτῶν</em></span> <span class='ocrx_word' id='word_1_318' title='bbox 605 4063 825 4151; x_wconf 87' lang='grc' dir='ltr'><em>άτιμοτάτων·</em></span> <span class='ocrx_word' id='word_1_319' title='bbox 847 4069 903 4134; x_wconf 90' lang='grc' dir='ltr'><em>καὶ</em></span> <span class='ocrx_word' id='word_1_320' title='bbox 919 4072 977 4154; x_wconf 88' lang='grc' dir='ltr'><em>τής</em></span> <span class='ocrx_word' id='word_1_321' title='bbox 992 4091 1029 4154; x_wconf 89' lang='grc' dir='ltr'><em>γε</em></span> <span class='ocrx_word' id='word_1_322' title='bbox 1044 4063 1168 4154; x_wconf 86' lang='grc' dir='ltr'><em>μητρὸς</em></span> <span class='ocrx_word' id='word_1_323' title='bbox 1187 4062 1271 4154; x_wconf 74' lang='grc' dir='ltr'><em>ἐρο-</em></span> 
     </span>
    </p>
   </div>
   <div class='ocr_carea' id='block_1_3' title="bbox 0 0 1374 4648">
    <p class='ocr_par' dir='ltr' id='par_1_3' title="bbox 0 0 1374 4648">
     <span class='ocr_line' id='line_1_39' title="bbox 0 0 1374 4648; baseline 0 0"><span class='ocrx_word' id='word_1_324' title='bbox 0 0 1374 4648; x_wconf 95' lang='lat' dir='ltr'><em> </em></span> 
     </span>
    </p>
   </div>
  </div>
 </body>
</html>
