2740 4648
346 226 455 285 xvffl.
475 226 705 285 Ἀιισυουιε
727 230 845 288 12-15.
1046 217 1112 285 273

76 332 163 424 ὑπέρ
184 338 252 403 τῶν
276 335 460 424 φροντίδων
482 336 538 402 καὶ
559 339 732 424 προνοίας,
753 334 792 423 ἣν
810 334 1006 426 έσφίρονται
1027 362 1114 425 προ-

75 443 280 516 σκοποῦντες
302 434 356 505 ἀελ
380 436 424 505 τά
448 435 618 507 κοινά-καὶ
638 440 757 524 βελτίω
780 444 964 519 ποιοῦντες.
1004 438 1115 530 ῶςόὴ

76 539 181 628 μικρὰ
201 539 358 625 μεγάλοις
380 539 532 622 εἰκάζειν,
559 537 599 628 ἢν
622 538 741 630 ἐθέλῃς
763 537 945 629 ἀρξάμενος
967 538 1035 610 ἀπὸ
1053 549 1114 630 τῆς

76 650 139 713 τοῦ
154 648 264 728 σωροῦ
277 648 425 731 κορυφῆς
438 640 490 730 ἐφ’
502 641 637 712 ἕκαστον
649 643 784 726 τούτων,
806 640 862 733 ἀφ’
875 635 921 712 ῶν
935 643 1110 733 σόγκεπαι,

77 750 301 833 καταβαίνειν,
329 740 411 832 ὄψει
437 739 492 813 ότι
516 750 655 832 μεγέθει
679 749 736 814 καί
760 747 933 835 μικρότητι
958 746 1113 815 διαλλάτ-

77 874 179 934 τομεν
201 854 267 916 τῶν
293 843 496 938 ἀκροτάτων,
523 846 566 915 τόν
592 844 723 922 δ’,ἀλλα
747 850 961 940 μισθοφόροι
987 846 1114 934 ὁμοίως
1215 892 1218 897 -

79 948 236 1032 ἅπαντες.
264 949 295 1017 εἰ
310 951 370 1036 μέν
388 940 446 1018 σάν
462 956 578 1021 τοῦτον
596 949 775 1034 ἐτεθείκειν
790 950 848 1021 τὸν
860 952 969 1037 νόμον,
988 952 1112 1041 μηδένα
1131 974 1166 1025 14

79 1056 182 1144 μηδὲν
209 1051 382 1142 πράττειν,
411 1052 520 1136 ένοχος
547 1049 588 1121 ἀν
615 1054 751 1135 εἰκότως
776 1053 911 1127 ἐδόκουν
936 1060 976 1145 τῇ
1002 1078 1114 1143 παρα-

79 1164 194 1246 νομίᾳ,
223 1156 254 1224 εί
280 1157 317 1224 δέ
342 1161 441 1224 τοῦτο
465 1157 525 1240 μὲν
553 1152 701 1242 υάἀαμοῶ
727 1163 787 1226 τοῦ
807 1161 938 1244 βιβλίου
966 1160 1115 1225 λέλεκταί

78 1286 154 1348 μοι,
179 1256 242 1349 χρὴ
260 1259 296 1326 δέ
313 1255 370 1327 τὸν
388 1255 517 1346 ἀγαθὸν
536 1256 784 1357 ἀνδραιένεργὸν
802 1257 899 1342 εἶναι,
922 1265 957 1328 τί
974 1257 1015 1328 ἀν
1032 1256 1114 1327 ἀλλο

81 1363 117 1445 ἐς
138 1364 213 1430 όέον
235 1356 325 1449 αάτῶ
346 1368 455 1449 χρῷτο
475 1358 499 1451 ἢ
520 1366 633 1452 φίλοις
659 1370 838 1448 συμπονῶν
863 1360 949 1449 πρὸς
974 1361 1017 1430 τὰ
1036 1364 1115 1447 βέλ·

80 1488 180 1534 τιστα
195 1459 254 1531 κάν
271 1469 319 1552 τῳ
336 1470 427 1552 μέσῳ
446 1461 632 1554 ὑπαίθριος
646 1477 765 1554 πεῖραν
779 1462 879 1533 αὑτοῦ
894 1462 1006 1544 διδοὺς
1020 1459 1115 1544 ὅπως

82 1567 149 1653 ίχει
175 1571 320 1646 πίστεως
345 1569 401 1634 καί
428 1568 577 1655 σπουδῆς
603 1571 659 1634 καὶ
684 1564 815 1648 εόνοίας
841 1566 929 1658 πρὸς
952 1566 996 1635 τά
1027 1565 1116 1655 ἐγκε-

80 1674 285 1759 χειρισμένα,
305 1666 352 1750 ῶς
367 1667 426 1757 μὴ,
445 1667 484 1739 τὸ
499 1667 799 1759 Ὀμηρικὸνέκεῖνα
820 1667 988 1740 (Ἕτυίσιον
1007 1665 1115 1754 ἀχθος

84 1768 248 1862 ἀροάρης”
277 1771 338 1861 ε’ίη.
374 1769 441 1862 πρὸ
469 1773 505 1839 δέ
530 1779 597 1840 τῶν
624 1768 710 1843 ὅλων
735 1778 929 1861 μεμνῆσθαι
952 1771 1014 1861 χρὴ
1036 1772 1115 1853 τοὺς
1134 1791 1166 1840 15

84 1873 306 1960 ἐπιτιμῶντας
333 1870 387 1943 ὅτι
413 1871 450 1944 ου’
478 1881 576 1965 σσφῶ
604 1873 675 1942 όντι
699 1899 760 1960 μοι
786 1913 829 1924 -
856 1875 887 1942 εί
913 1875 953 1962 δή
982 1901 1034 1954 τις
1060 1878 1116 1947 καὶ

84 1974 183 2057 ἀλλος
201 1976 273 2045 ἐστί
285 2002 352 2045 που
367 1979 473 2067 σοφός
487 2017 529 2030 -
543 1973 805 2065 ἐπιτιμήσουσιν,
825 1976 909 2045 ἀλλὰ
926 1983 991 2045 τῶν
1005 1976 1040 2044 ἐκ
1056 1982 1116 2044 τοῦ

84 2082 210 2151 πολλοῦ
238 2076 357 2169 δήμου,
393 2081 512 2168 λόγους
540 2081 601 2166 μὲν
631 2076 810 2169 ἀσκήσαντι
840 2082 896 2147 καὶ
925 2077 968 2147 τά
997 2084 1117 2167 μέτρια

85 2180 310 2270 ἐπαινουμένῳ
329 2179 380 2250 ἐπ’
396 2180 524 2264 αὐτοῖς,
551 2179 638 2270 πρὸς
655 2183 692 2250 ἀὲ
708 2179 766 2271 τήν
788 2178 889 2271 ἀκρον
912 2180 1032 2270 ἐκείνην
1049 2187 1117 2249 τῶν

84 2289 275 2376 κορυφαίων
297 2281 414 2372 ἀρετήν
441 2282 478 2353 οὐ
505 2285 592 2355 πάνυ
618 2289 882 2373 γεγυμνασμένῳ·
908 2286 964 2352 καί
988 2281 1038 2370 μὰ
1059 2279 1115 2352 Δί’

85 2385 158 2457 οὐδ’
173 2387 232 2455 ἐπί
248 2386 354 2476 τούτῳ
373 2384 538 2457 ἀνιᾶσθαί
552 2412 613 2472 μοι
629 2386 735 2470 ἀξιον,
765 2383 819 2455 ὅτι
838 2389 923 2476 μηόέ
944 2384 1035 2476 ἀλλῳ
1052 2385 1117 2475 ἐγὼ

8 2512 10 2575 j
84 2497 163 2579 γοῦν
198 2489 389 2579 ἐντετύχηκα
421 2488 480 2579 τήν
512 2496 573 2558 τοῦ
605 2496 713 2577 σοφοῦ
747 2486 927 2574 ὑπόσχεσιν
962 2477 1134 2578 ἀποπληῖ

9 2610 10 2679 ζ
86 2599 207 2683 ροῦντι.
242 2599 303 2662 σοῦ
320 2598 434 2678 μέντοι
449 2594 506 2659 καί
523 2588 732 2677 θαυμάσαιμ’
749 2588 789 2659 ἀν
811 2590 1032 2676 ἐπιτιμῶντός
1052 2616 1118 2677 μου

9 2706 11 2733 ³
85 2700 134 2784 τῷ
161 2698 230 2764 νυνί
253 2701 333 2784 βίῳ,
365 2695 400 2765 εί
421 2719 464 2784 γει
484 2694 681 2783 ἐπιτιμῴης,
714 2692 753 2762 ὃν
778 2692 845 2781 πρὸ
875 2696 1002 2762 πολλοῦ
1028 2689 1120 2782 ᾕδεις

87 2796 147 2867 ἐπὶ
171 2799 326 2890 ῥητορικῇ
350 2800 496 2888 ὄημοσίῳ
520 2803 678 2885 μεγίστας
705 2793 924 2887 μισθοφορὰς
950 2794 1121 2886 ἐνεγκάμε-

87 2924 155 2982 νσν,
189 2897 294 2970 ὁπότε
318 2900 403 2970 κατά
428 2908 514 2971 θέαν
538 2907 598 2971 τοῦ
630 2899 785 2989 ἑσπερίου
809 2895 956 2971 Ὠκεανοῦ
981 2901 1037 2971 καί
1061 2897 1121 2989 τήν

87 3002 253 3093 Κελτικήν
268 2998 338 3090 ἀμα
364 3003 469 3074 ἐπιῶν
490 3003 634 3089 ἐνέτυχες
658 3000 735 3094 ἡμῖν
759 3016 832 3084 τοῖς
856 3004 1122 3094 μεγαλομίσθοις

86 3111 153 3176 τῶν
175 3113 346 3196 σοφιστῶν
372 3106 676 3197 ἐναριθμουμένοις.
715 3106 821 3175 ταῦτά
848 3131 916 3189 σοι,
944 3095 973 3172 ῶ
999 3103 1119 3196 ἑταῖρε,

87 3214 199 3279 καίτοι
225 3206 258 3281 ἐν
283 3202 417 3297 μυρίαις
438 3221 512 3289 ταῖς
534 3207 703 3292 ἀσχολίαις
725 3207 771 3277 ῶν
794 3206 886 3295 ὅμως
911 3205 1122 3296 ἀπελογησά-

85 3337 166 3403 μην,
195 3305 254 3377 σάκ
272 3308 305 3377 ἐν
322 3316 477 3399 παρέργῳ
496 3316 636 3395 θέμενος
657 3311 715 3397 τήν
736 3309 850 3398 λευκήν
871 3304 965 3398 παρὰ
987 3313 1047 3377 σοῦ
1064 3311 1121 3377 καί
1159 3344 1167 3359 ·

88 3413 200 3503 πλήρη
225 3437 285 3497 μοι
311 3411 497 3502 ἐνεχθῆναι·
528 3411 605 3481 ἐπεὶ
624 3412 711 3500 πρός
735 3435 772 3497 γε
796 3409 875 3490 τοὺς
902 3407 1034 3491 ἀλλους,
1060 3405 1122 3477 κάν

90 3517 221 3603 συνάμα
242 3515 365 3595 πάντες
384 3521 622 3602 κατηγορῶσιν,
650 3510 759 3581 ἱκανὸν
781 3509 821 3580 ἀν
843 3512 894 3600 είη
919 3536 979 3597 μοι
998 3510 1053 3593 τὸ,
1081 3506 1120 3578 οά

89 3621 227 3710 φροντὶς
241 3616 459 3706 Ἱπποκλείδῃ.
