2752 4632
157 242 365 302 xv11.nE1³1
381 243 465 298 τον
481 244 555 299 τοι
571 240 708 321 ΜΙΣορ
726 243 959 301 τενόντων
971 243 1082 298 11-13.
1103 231 1165 301 251

139 351 344 439 φρονοῦντας
360 350 415 416 καί
434 346 553 428 ἀλλους
571 346 644 417 ἀντὶ
660 355 721 415 σοῦ
738 353 945 432 τιθεμένους,
970 339 1015 416 ὧν
1033 347 1169 428 ἕκαστος

140 447 255 538 ὥσπερ
279 449 314 516 ἐκ
334 450 432 533 λόχου
455 452 597 532 τοξεύων
623 453 770 537 λέληθεν.
811 445 867 517 εἶτ’
887 449 1038 537 ἐννόησον
1064 449 1169 541 ἀνδρα

139 552 174 621 ἐν
191 559 299 639 βαθεῖ
314 553 450 641 πώγωνι
466 556 522 620 καί
539 556 644 643 πολιᾷ
661 559 700 642 τῆ
718 552 802 640 κόμῃ
826 551 1063 637 ἐξεταζόμενον,
1087 555 1121 621 εἴ
1133 580 1169 622 τι

138 652 229 723 οἶδεν
247 650 430 744 ὠφέλιμον,
458 659 513 724 καὶ
530 669 602 736 τοῖς
618 657 677 740 μὲν
699 656 858 725 δοκοῦντα
880 654 1015 735 εἰδέναι,
1042 668 1115 736 τοῖς
1132 657 1168 722 δὲ

138 757 196 846 μή.
222 762 323 841 μέσος
342 756 375 825 ἐν
391 758 539 845 τοσούτῳ
555 758 680 842 χρόνος,
699 759 755 827 καὶ
768 758 1094 845 πολυπραγμονεῖταί
1105 780 1167 824 σου

138 855 231 940 άπας
249 856 267 926 δ
285 857 528 949 παρεληλυθώς
549 866 635 946 βίος,
663 854 723 929 κάν
744 863 803 943 μίν
824 885 876 939 τις
897 855 918 947 ἢ
941 862 1079 946 πολίτης
1100 855 1167 927 ὑπὸ

138 964 273 1051 φθόνου
291 958 313 1050 ἢ
329 968 444 1050 γείτων
462 962 496 1031 ἐκ
513 988 602 1043 τινος
616 959 763 1052 εὐτελοῦς
778 961 887 1039 αἰτίας
899 956 1169 1051 προσκεκρουκὼς
1269 1026 1272 1033 ,

138 1060 391 1151 ἀνακρινόμενος
407 1064 484 1153 ε’ίπχ
507 1063 622 1150 μοιχὸν
643 1061 665 1152 ἢ
687 1060 924 1150 παιδεραστὴν,
951 1058 1037 1131 τοῦτ’
1055 1060 1166 1143 ἐκεῖνο,

138 1165 174 1234 ἐκ
195 1173 261 1235 τῶν
282 1165 365 1249 Διὸς
387 1168 509 1235 δέλτων
532 1165 550 1234 δ
573 1167 712 1255 μάρτυς,
740 1162 780 1254 ἢν
802 1166 838 1233 δὲ
860 1165 981 1244 πάντες
1004 1159 1073 1248 άμα
1096 1163 1169 1251 ἑξῆς

137 1267 329 1351 ἐπαινῶσιν,
348 1264 499 1337 ὐπσπτοι
514 1272 570 1336 καὶ
582 1267 765 1356 ἀμφίβολοι
778 1270 833 1335 καὶ
848 1267 1086 1350 δεδεκασμένοι
1106 1265 1167 1356 χρὴ

136 1376 247 1438 τοίνυν
272 1369 382 1439 πολλὰ
405 1368 578 1459 εὐτυχῆσαι
603 1373 658 1437 καὶ
679 1371 779 1457 μηδὲν
802 1366 887 1448 ὅλως
913 1368 1168 1456 ἐναντιωθῆναι·

136 1473 247 1558 μόνως
264 1471 325 1560 γὰρ
345 1469 384 1541 ἀν
403 1469 489 1541 οὐτω
512 1475 716 1562 κρατήσειας.
753 1469 826 1553 εἷεν,
850 1474 905 1541 καὶ
928 1470 968 1559 δὴ
991 1468 1169 1559 ηὐτύχηταί

139 1598 196 1642 σοι
214 1575 330 1643 πάντα
352 1572 448 1664 εὐχῆς
470 1576 642 1660 μειζόνως
673 1572 773 1655 αὐτός
794 1600 830 1642 τε
850 1572 913 1662 γὰρ
937 1573 1073 1662 ἐπῄνεσε
1090 1569 1168 1653 τοὺς

135 1678 256 1764 λόγους
276 1680 333 1744 καὶ
354 1684 420 1743 τιῦν
446 1680 552 1765 φίλων
579 1678 612 1743 οἱ
634 1676 841 1760 ἐντιμότατοι
862 1679 919 1743 καὶ
945 1675 996 1756 οῖς
1021 1676 1167 1759 μάλιστα
1197 1732 1203 1757 3

137 1779 289 1847 πιστεύει
306 1778 348 1846 τά
365 1786 504 1846 τοιαῦτα
526 1776 585 1846 οὐκ
607 1770 813 1867 ἀπέτρεψαν·
841 1777 890 1845 ἐτι
914 1778 950 1844 δέ
972 1782 1028 1842 καὶ
1049 1775 1069 1864 ῆ
1088 1775 1165 1864 γυνὴ

136 1883 308 1969 βούλεται,
331 1879 391 1948 οὐκ
409 1879 568 1968 ἀντιλέγει
586 1882 622 1948 δὲ
641 1877 717 1948 οὐτε
739 1878 758 1947 δ
778 1879 961 1966 ἐπίτροπος
980 1874 1055 1944 οὐτε
1079 1876 1096 1945 δ
1118 1878 1167 1945 οὐ-

137 1985 292 2069 κονόμος·
321 1981 398 2050 οὐδέ
414 2010 466 2063 τις
484 1983 657 2068 ἐμέμψατό
678 2007 737 2050 σου
755 1980 812 2049 τὸν
833 1988 920 2067 βίον,
951 1978 1034 2049 ἀλλὰ
1056 1980 1167 2046 πάντα

137 2087 216 2155 ἵλεω
235 2090 292 2153 καὶ
307 2087 519 2169 πανταχόθεν
538 2085 633 2152 α’ίσια
649 2082 692 2152 τδι
707 2085 792 2174 ἱερά.
826 2084 1024 2171 κεκράτηκας
1043 2072 1112 2162 οὐν,
1138 2070 1165 2147 ὦ
1185 2104 1217 2152 13

137 2190 292 2278 μακάριε,
310 2192 368 2255 καὶ
385 2188 525 2274 ἔστεψαι
542 2186 584 2254 τὰ
599 2185 770 2272 Ὀλύμπια,
789 2189 913 2272 μᾶλλον
931 2186 967 2253 δέ
983 2187 1168 2270 Βαβυλῶνα

139 2292 279 2380 ε’ίληφας
299 2288 321 2378 ἢ
342 2288 400 2380 τὴν
417 2292 571 2378 Σάρδεων
590 2287 771 2379 ἀκρόπολιν
792 2291 983 2377 καθῄρηκας
1004 2291 1061 2354 καὶ
1084 2286 1167 2369 ἕξεις

138 2392 178 2461 τὸ
194 2400 252 2482 τῆς
262 2389 461 2478 Ἀμαλθείας
476 2398 572 2478 κέρας
589 2396 645 2459 καὶ
662 2390 812 2476 ἀμέλξεις
831 2389 974 2479 ὀρνίθων
986 2391 1082 2478 γάλα.
1115 2392 1169 2457 δεῖ

138 2495 179 2582 δή
199 2520 254 2563 σοι
271 2493 344 2563 ἀντὶ
356 2492 606 2563 τιῦνλοσούσωυ
619 2495 731 2562 πόνων
744 2499 883 2580 μέγιστα
896 2490 992 2581 ἡλίκα
1008 2499 1167 2581 γενέσθαι

137 2594 281 2685 τάγαθὰ,
302 2598 356 2665 ἵνα
372 2595 593 2685 μνῆ-φύλλινος
609 2598 710 2680 μόνον
728 2593 746 2662 δ
760 2601 924 2683 στέφανος
941 2585 971 2683 ᾗ,
990 2597 1046 2661 καὶ
1059 2595 1116 2661 τόν
1130 2620 1166 2662 τε

137 2698 265 2786 μισθὸν
274 2696 333 2767 οὐκ
342 2696 624 2786 εὐκαταφρόνητον
633 2695 811 2785 ὁρισθῆναι
822 2688 878 2763 καλ
890 2704 1006 2765 τούτου
1020 2695 1053 2765 ἐν
1061 2702 1166 2784 καιρῷ

135 2807 195 2890 τῆς
206 2808 317 2891 χρείας
333 2799 557 2892 ἀπραγμόνως
570 2798 801 2868 ἀποδίδοσθαι
815 2801 871 2865 καὶ
883 2796 941 2887 τῆν
956 2796 1054 2886 ἀλλην
1068 2797 1166 2887 τιμὴν

134 2901 222 2994 δπέρ
234 2896 317 2985 τοὺς
334 2903 479 2984 πολλοὺς
496 2901 668 2993 ἐπάρχειν,
689 2903 800 2970 πόνων
823 2903 859 2969 δέ
882 2900 1009 2971 ἐκείνων
1027 2904 1084 2968 καὶ
1100 2928 1167 2990 πη-

136 3009 196 3075 λοῦ
214 3010 270 3074 καί
288 3008 419 3095 δρόμων
436 3009 492 3074 καὶ
509 3004 695 3095 ἀγρυπνιῶν
715 3004 973 3086 ἀναπεπαύθαι,
992 3010 1048 3073 καὶ
1066 3011 1165 3072 τοῦτο

134 3109 177 3199 δὴ
195 3108 234 3176 τὸ
253 3116 311 3196 τῆς
331 3106 443 3197 εὐχῆς,
467 3106 686 3177 ἀποτείναντα
707 3106 755 3174 τόν
774 3108 860 3176 πόδε
883 3108 1058 3177 καθεύδειν
1080 3107 1167 3192 μόνα

137 3211 244 3299 ἐκεῖνα
260 3211 448 3298 πράττοντα
466 3201 511 3278 ὧν
530 3210 620 3277 ἕνεκα
632 3208 689 3296 τὴν
704 3207 802 3298 ἀρχὴν
815 3212 1038 3299 παρελήφθης
1050 3213 1106 3276 καὶ
1120 3201 1166 3275 ὦν

134 3312 304 3397 ἔμμισθος
322 3308 361 3379 εἶ.
397 3311 489 3398 ἐχρῆν
511 3312 569 3395 μέν
587 3306 705 3391 οὕτως,
735 3304 965 3394 ιδΤιμόκλεις,
993 3314 1049 3377 καὶ
1070 3308 1166 3377 οὐδὲν

135 3411 178 3486 ἀν
196 3402 235 3501 ἦν
251 3415 334 3500 μέγα
351 3411 456 3494 κακὸν,
470 3409 695 3498 ,ὑποκύψαντα
712 3417 824 3499 φέρειν
840 3410 897 3478 τὸυ
916 3410 1009 3498 ζυγὸν
1024 3411 1166 3498 ἐλαφρόν

132 3541 174 3586 τε
194 3517 251 3583 καὶ
267 3511 414 3605 ἐὐφορον
435 3513 546 3583 καὶτὸ
563 3519 741 3600 μέγιστον,
759 3512 935 3600 ἐπίχρυσον
957 3509 1046 3583 ὄντα.
1083 3510 1166 3581 ἀλλὰ

135 3622 273 3700 πολλοῦ,
291 3620 415 3704 μᾶλλον
433 3619 470 3686 δέ
487 3623 546 3685 τοῦ
564 3613 688 3696 παντὸς
706 3618 770 3701 δελ
788 3621 889 3705 μυρία
903 3615 964 3704 γάρ
978 3613 1065 3683 ἐστιν
1079 3611 1166 3703 ἀφό-

133 3748 220 3809 ρητα
234 3721 399 3810 ἐλευθέρῳ
414 3716 508 3810 ἀνδρὶ
521 3719 553 3789 ἐν
568 3718 682 3803 αὐταῖς
695 3716 755 3809 ἤδη
769 3731 843 3798 ταῖς
858 3723 1046 3797 συνουσίαις
1057 3717 1167 3805 γιγνό-
1235 3732 1238 3744 ⁴

136 3851 228 3910 μενοι.
265 3830 389 3912 σκέψαι
407 3822 438 3891 δ’
450 3820 550 3903 αὐτὸς
567 3823 640 3912 ἑξῆς
658 3821 785 3891 ἀκούων
803 3823 901 3902 εἴτις
920 3819 959 3889 ἀν
977 3818 1062 3888 αὐτὰ
1081 3818 1167 3888 ὐπο-

136 3916 247 4011 μεῖυοιι
279 3929 411 3998 δύναιτο
442 3928 580 4016 παιδείᾳ
609 3922 669 3994 κάν
700 3922 751 3993 ἐπ’
777 3924 946 4009 ἐλάχιστον
982 3921 1163 4013 ὡμιληκώς.

136 4024 280 4120 ἀρξομοι
298 4028 329 4098 δ’
340 4028 409 4101 ἀπὸ
427 4038 487 4099 τοῦ
505 4031 640 4120 πριότσο
659 4030 804 4112 δείπνου,
823 4025 862 4119 ἢν
881 4031 968 4120 δοκῇ,
989 4023 1009 4096 ὅ
1026 4053 1064 4097 σε
1078 4024 1165 4121 εἰκὸς
1182 4046 1216 4098 14
