2722 4646
246 217 290 285 50
631 223 889 282 ΔουΚεΑαοε
995 244 998 251 ·

195 324 251 408 υςχ
299 340 405 398 om.
433 326 477 402 Οῦ
490 326 701 413 κατάταῦτά,
721 320 883 414 ιῦΤίμων,
902 341 974 410 τοῖς
991 332 1130 411 πολλοῖς
1147 331 1283 415 τούτοις

248 435 406 528 ῦφῖγμαι,
427 431 541 522 ὥσπερ
559 432 593 501 οἱ
609 432 668 502 τὸν
684 433 829 501 πλοῦτόν
846 456 907 501 σου
920 433 1109 520 τεθηπότες
1122 429 1280 522 όργυρίου
1351 438 1352 461 ¹

246 543 303 608 καὶ
322 545 458 628 χρυσίου
480 539 536 604 καὶ
558 537 700 604 δείπνων
721 538 910 605 πολυτελῶν
929 534 1040 605 ἐλπίδι
1058 537 1284 627 συνδεδραμή

195 700 204 729 ,
246 668 324 712 καυι
341 638 466 730 πολλήν
478 638 537 729 τήν
549 641 720 707 κολακείαν
734 638 976 724 ἐπιδειξόμενοι
989 635 1076 728 πρὸς
1089 636 1194 729 άνδρα
1208 639 1282 709 οῖον

249 747 288 815 σέ
313 742 472 813 ἁπλοϊκὸν
498 745 553 809 καλ
578 747 644 810 τῶν
667 738 769 810 όντων
790 743 992 810 κοινωνικόν·
1020 738 1126 809 οἶσθα
1148 739 1210 829 γάρ
1234 739 1284 822 ιῦς

247 849 336 937 μᾶζα
356 848 415 932 μέν
433 845 508 930 ἐμοὶ
525 844 690 913 δεῖπνονζ
677 842 796 927 ικανδν,
820 842 962 933 όψονδέ
977 839 1113 933 ἥδιστον
1129 842 1283 933 θύμονή

248 944 501 1039 κάρδαμονή’
475 947 509 1016 εί
527 972 611 1016 ποτε
632 947 797 1038 τρυφῴην,
826 944 936 1071 ὀλίγον
956 953 1023 1015 τῶν
1044 943 1148 1015 άλαῖν·
1175 945 1286 1016 ποτὸν

249 1050 323 1141 δέή
343 1047 627 1220 διγεάκρουνος·“
609 1076 628 1120 o
652 1053 688 1118 δέ
708 1055 830 1140 τρίβων
848 1040 944 1130 οῦτος
959 1038 999 1137 ής
1015 1049 1130 1135 βούλει
1147 1074 1285 1139 πορφυ-

248 1152 373 1246 ρίδος
354 1179 417 1240 αμε
419 1159 505 1221 ίνων.
531 1152 570 1222 τὸ
582 1159 680 1243 χρυσί
681 1178 716 1221 ον
733 1150 845 1239 μέν
809 1178 871 1241 γαρ
890 1149 984 1221 οὐδὲν
1001 1153 1197 1242 τιμιώτερον
1214 1158 1288 1221 τῶν

248 1183 371 1337 ἐντοῖς
389 1257 553 1344 αἰγιαλοῖς
569 1262 664 1346 ψηφί
651 1258 729 1323 ίδων
745 1280 805 1341 μοι
820 1258 918 1323 δοκεῖ.
947 1253 1006 1344 σήν
1020 1251 1109 1323 δέ
1070 1261 1171 1325 αυτοῦ
1184 1254 1285 1345 χάριν

250 1359 397 1448 ἐστάλην,
418 1356 464 1439 τός
475 1357 519 1448 μή
535 1361 718 1450 διαφθείρῃ
736 1384 774 1427 σε
790 1352 829 1426 τῦ
847 1359 1000 1428 κάκιστον
1016 1365 1115 1426 τοῦτο
1132 1362 1189 1425 καὶ
1208 1357 1287 1427 ἐπι·

124 1451 128 1456 ’
248 1462 450 1549 βουλότατον
466 1469 573 1550 κτῆμα
591 1460 608 1530 ό
627 1465 784 1545 πλοῦτος,
804 1459 823 1529 ό
841 1463 980 1541 πολλοῖς
997 1462 1157 1542 πολλάκις
1171 1462 1285 1541 αἴτιος

251 1561 434 1653 ἀνηκέστων
457 1571 637 1654 συμφορῶν
658 1569 880 1652 γεγενημένος·
907 1564 938 1632 εί
958 1565 1021 1654 γάρ
1042 1589 1103 1649 μοι
1128 1569 1284 1645 πείθοιο,

249 1668 395 1751 μάλιστα
410 1668 469 1754 μὲν
488 1663 564 1735 όλον
583 1666 617 1748 ἐς
633 1667 690 1756 τήν
704 1670 876 1737 θάλατταν
890 1667 1044 1753 ἐμβαλεῖς
1058 1663 1166 1748 αὐτὸν,
1187 1663 1288 1735 οῦδέν

251 1760 425 1857 άναγκαῖον
444 1766 538 1857 άνδρλ
557 1767 677 1859 άγαθῴ
696 1767 767 1838 όντι
779 1773 835 1838 καλ
847 1768 904 1840 τὸν
919 1773 1123 1859 φιλοσοφίας
1136 1773 1289 1838 πλοῦτον

250 1869 331 1960 δρῦν
344 1873 527 1962 δυναμένην·
545 1872 590 1961 μὴ
604 1878 717 1957 μέντοι
731 1872 764 1953 ἐς
775 1874 900 1960 βάθος,
920 1864 1050 1960 ὦγαθὲ,
1070 1869 1138 1940 ἀλλ’
1155 1868 1236 1940 όσον
1250 1870 1287 1951 ἐς

248 1978 420 2062 βουβῶνας
434 1973 581 2061 ἐπεμβὰς
595 1972 704 2064 ὀλίγον
716 1975 783 2066 πρὸ
797 1983 855 2064 τῆς
867 1982 1067 2065 κυματωγῆς,
1083 1975 1162 2061 ἐμοῦ
1178 1971 1287 2061 δρῶν-

199 2095 231 2144 57
247 2073 307 2158 τος
328 2079 444 2162 μόνου·
472 2078 503 2144 εἰ
525 2078 562 2145 δέ
582 2076 626 2166 μή
648 2084 748 2147 τοῦτο
769 2080 897 2163 βούλει,
922 2077 962 2147 σὺ
982 2081 1019 2146 δὲ
1036 2078 1134 2146 άλλον
1156 2077 1287 2164 τρόπον

250 2177 372 2264 άμείνω
396 2177 480 2246 κατὰ
501 2180 601 2262 τάχος
623 2179 805 2270 ἐκφόρησον
828 2178 928 2248 αὐτὸν
950 2179 984 2248 ἐκ
1001 2186 1059 2268 τῆς
1077 2180 1184 2260 οἰκίας
1200 2176 1283 2269 μηδ’

251 2278 369 2368 όβόλὸν
388 2288 498 2370 σαυτῷ
517 2279 618 2364 άνελς,
643 2281 813 2364 διαδιδούς
832 2280 941 2352 άπασι
957 2296 1029 2363 τοῖς
1046 2285 1228 2369 δεομένοις,
1254 2272 1287 2370 ᾦ

207 2432 209 2437 ,
248 2384 307 2469 μὲν
326 2388 424 2451 πέντε
442 2383 600 2510 δραχμάς,
625 2376 708 2473 ᾦῦέ
724 2393 814 2469 μνᾶν,
840 2377 923 2475 ᾦδὲ
940 2382 1173 2473 ἡμιτάλαντον·
1197 2385 1227 2453 εἰ
1246 2386 1288 2453 δέ

248 2512 300 2567 τις
323 2485 594 2576 φιλόσοφος”ειη,
619 2452 785 2577 διμοιρίαν
802 2486 823 2617 ή
840 2494 1027 2578 τριμοιρίαν
1045 2493 1213 2578 φέρεσθαι
1232 2489 1286 2556 δί-

249 2609 356 2670 καιος·
382 2588 457 2675 ἐμοὶ
481 2591 576 2658 δέ·-
533 2616 635 2657 -κα
637 2597 703 2660 ίτοι
725 2589 784 2659 οῦκ
806 2591 949 2677 ἐμαυτοῦ
968 2591 1064 2679 χάριν
1087 2591 1184 2673 αἰτῶ,
1209 2585 1282 2656 ἀλλ’

250 2686 344 2773 ὅπως
369 2693 503 2777 μεταδῶ
524 2699 591 2761 τῶν
613 2692 752 2784 ἐταίρων
772 2708 844 2774 τοῖς
866 2695 1097 2778 δεομένοις-
1120 2690 1227 2760 ἱκανὸν
1251 2692 1288 2760 εέ

248 2798 384 2883 ταυτηνὶ
405 2792 461 2883 τήν
483 2794 593 2883 πήραν
615 2793 781 2885 ἐκπλήσας
801 2797 988 2886 παράσχοις
1010 2793 1086 2864 ουδὲ
1104 2791 1201 2875 όλους
1219 2793 1287 2862 δύο

248 2897 433 2983 μεδίμνους·
445 2905 617 2984 χωροῦσαν
633 2899 871 2987 Αἰγινητικούς.
909 2896 1065 2987 ὀλιγαρκῆ
1088 2899 1200 2965 δὲκαὶ
1222 2902 1286 2982 μέ-

249 3023 340 3086 τριον
359 2997 421 3088 χρὴ
444 2997 529 3068 εἶναι
550 3000 609 3069 τὸν
630 3005 880 3091 φιλοσοφοῦντα
905 3003 961 3068 καὶ
986 3001 1087 3088 μηδὲν
1112 2997 1196 3087 ῦπὲρ
1222 2997 1287 3087 τήν

249 3100 359 3190 πήραν
377 3116 521 3191 φρονεῖν.

300 3211 378 3267 TIM
402 3201 546 3274 Ἐπαινῦ
563 3207 668 3276 ταῦτά
687 3231 757 3289 σου,
777 3198 1030 3297 ὦθρασόκλεις·
1048 3202 1116 3293 πρὸ
1130 3210 1208 3292 γοῦν
1221 3209 1286 3293 τῆς
1347 3256 1348 3289 ,

248 3301 384 3396 πήρας,
397 3307 427 3376 εἰ
445 3308 547 3391 δοκεῖ,
572 3314 652 3398 φέρε
670 3334 726 3379 σοι
742 3307 800 3399 τήν
820 3307 963 3399 κεφαλήν
986 3307 1144 3398 ἐμπλήσω
1166 3305 1287 3375 κονδύ-
1347 3298 1348 3313 ’

248 3410 315 3476 λων
332 3407 554 3499 ἐπιμετρήσας
570 3439 611 3502 τῃ
596 3413 785 3502 δικέλλη.ι
1346 3404 1347 3415 ¹

299 3519 407 3577 ΘΡΑΣ.
436 3504 470 3581 ³9
492 3514 695 3603 δημοκρατία
659 3518 771 3583 κίαὶ
792 3514 903 3601 νόμοι,
930 3513 1109 3601 παιόμεθα
1128 3508 1198 3582 άπὸ
1220 3515 1287 3580 τοῦ
1346 3460 1347 3565 λ

248 3615 433 3706 καταράτου
452 3614 486 3683 ἐν
504 3615 664 3707 ἐλευθέρφ
680 3645 720 3708 τη
705 3618 846 3687 πόλει.

298 3726 377 3780 ΤΙΜ
407 3715 477 3786 Τ’ί
407 3728 662 3807 Ταγανακτεῖς,
683 3711 815 3809 ὦγαθές
832 3747 903 3807 μων
914 3721 1210 3811 παρακέκρουσμαί
1225 3740 1287 3803 oe,-
1345 3698 1347 3820 J

247 3823 303 3888 καὶ
329 3818 392 3910 μὴν
420 3821 596 3909 ἐπεμβαλῶ
622 3829 768 3907 χοίνικας
793 3819 878 3911 ῦπέρ
903 3821 943 3892 τὸ
969 3827 1089 3912 μέτρον
1110 3826 1283 3909 τέτταρας.
1344 3846 1345 3883 1

59 4002 64 4017 ι
199 3941 231 3994 σε
249 3919 333 3990 άλλὰ
350 3929 385 3990 τί
401 3931 515 4009 τοῦτυ,·
537 3928 659 3994 πολλοὶ
677 3931 899 4016 συνέρχονται·
915 3928 1068 4016 Βλεψίας
1086 3922 1207 4003 ἐκεῖνος
1223 3923 1285 3990 καὶ

247 4024 361 4114 Λάχης
376 4030 432 4095 καὶ
444 4034 578 4119 Γνίφων
595 4031 650 4097 καὶ
669 4024 805 4111 όλως
770 4055 809 4098 το
828 4029 996 4117 σύνταγμα
1012 4035 1078 4098 τιῦν
1097 4026 1286 4114 οἰμωξομέ-
