2722 4646
221 190 265 256 14
311 256 314 261 ,
610 200 867 258 ΔΟΥΚῙΑΝΟΥ

187 325 206 374 4
221 307 419 400 ἐφθέγξατο.
454 306 609 395 προήχθη
623 299 799 394 γάράἀτήν
811 332 848 374 τε
861 308 1065 395 φιλοσοφίαν
1077 304 1256 380 ἐπαινέσαι

219 415 275 481 καὶ
290 410 348 501 τήν
366 407 436 478 ἀπὸ
453 410 573 497 ταύτης
591 407 782 499 ἐλευθερίαν
803 412 941 477 καὶτῶν
960 410 1104 499 δημοσίφ
1120 410 1258 503 νομιζο·

218 519 324 603 μένων
342 511 481 602 ἀγαθῶν
497 510 733 598 καταγελάσαι,
763 510 911 580 πλούτου
928 514 985 579 καὶ
1003 512 1100 598 δόξης
1116 513 1173 578 καὶ
1189 518 1259 598 βα-

202 618 346 697 ’σιλείας
363 618 419 685 καλ
434 620 544 704 τιμής,
572 614 622 683 ἐτι
642 639 678 681 τε
693 619 817 702 χρυσοῦ
838 615 895 679 καί
914 614 1094 703 πορφύρας
1114 615 1170 682 καὶ
1186 619 1259 685 τῶν.

218 721 307 791 πάνυ
324 721 555 809 περιβλέπτων
575 728 647 797 τοῖς
663 717 815 797 πολλοῖς,
843 720 926 798 τέως
944 717 980 784 δέ
1001 713 1101 801 κάμοὶ
1120 718 1259 785 δοκούν-

218 841 298 892 των·
317 817 403 911 ἀπερ
418 820 517 910 έγωγε
531 816 640 887 ἀτενεῖ
655 819 711 884 καλ
728 814 983 908 ἀναπεπταμένῃ
1000 824 1142 909 τήφυχῇ
1158 820 1259 901 δεξά-

217 949 315 1012 μενος
338 920 459 992 ἀύτίκα
482 922 542 1009 μέν
564 918 641 990 οάδδ
662 916 749 1004 εἶχον
771 920 901 989 εἰκάσαι
928 916 1010 1006 ὅπερ
1038 919 1255 1004 ἐπεπόνθειν,

219 1023 304 1095 ἀλλά
320 1037 479 1106 παντοῖος
495 1023 681 1113 ἐγιγνόμην·
707 1026 763 1092 καλ
780 1020 856 1110 ἀρτι
872 1024 932 1110 μέν
950 1022 1150 1112 ἐλυπούμην,
1179 1023 1259 1113 ἐλη-

217 1131 379 1216 λεγμένων
396 1152 455 1213 μοι
467 1133 533 1195 τῶν
548 1127 728 1216 φιλτάτων,
747 1127 893 1196 πλούτου
906 1151 942 1194 τε
956 1129 1012 1194 καὶ
1025 1124 1181 1215 ἀργυρίου
1196 1129 1257 1193 καὶ

217 1231 319 1317 μόνον
342 1226 400 1296 οὒκ
426 1228 584 1318 ἐδάκρυον
609 1225 660 1298 ἐπ’
680 1226 794 1310 αάτοῑς
819 1234 1075 1319 καθῃρημένοις,
1113 1225 1189 1317 ἀρτι
1214 1229 1255 1298 δέ

133 1319 137 1325 ’
219 1331 305 1401 αάτά
325 1332 385 1418 μέν
407 1325 514 1399 ἐδόκει
534 1356 594 1415 μοι
614 1320 755 1399 ταπεινὰ
776 1335 833 1399 καί
854 1335 1094 1419 καταγέλαστα·
1122 1332 1256 1417 ἔχαιρον

220 1432 252 1504 δ’
269 1425 311 1504 αδ
330 1430 444 1518 δι’σπερ
463 1432 503 1514 ἐκ,
516 1433 655 1521 ζοφεροῦ
672 1457 761 1514 τινος
779 1430 876 1521 ἀέρος
896 1441 955 1502 τοῦ
972 1440 1049 1519 βίου
1067 1440 1125 1502 τὀῦ
1144 1434 1255 1523 πρόσ-

216 1543 279 1606 θεν
298 1537 345 1616 είς
362 1535 500 1624 αἰθρίαν
522 1560 557 1602 τε
578 1537 635 1602 καί
654 1540 738 1623 μέγα
760 1543 833 1626 φῶς
854 1534 1064 1623 ἀναβλέπων·
1091 1533 1176 1605 ὥστε
1200 1536 1254 1624 δή,

216 1638 256 1708 εδ
282 1640 488 1719 καινότατον,
514 1643 574 1704 τοῦ
601 1634 782 1727 ὀφθαλμοῦ
808 1639 867 1724 μὲν
892 1642 948 1706 καλ
969 1646 1027 1726 τής
1048 1642 1128 1730 περὶ
1150 1636 1253 1707 αὐτὸν

218 1738 397 1821 ἀσθενείας
414 1739 699 1828 ἐπελανθανόμην,
725 1738 783 1829 τήν
802 1741 838 1808 δέ
855 1739 964 1828 ψυχήν
982 1737 1254 1831 ὀξυδερκέστερος

216 1842 301 1914 κατὰ
312 1839 428 1933 μικρὸν
438 1840 621 1930 ἐγιγνόμην·
640 1838 808 1931 ἐλελήθειν
820 1841 882 1931 γὰρ
896 1847 979 1923 τέως
989 1840 1087 1932 αάτήν
1097 1845 1253 1933 τυφλώτ-

183 1970 338 2018 οτουσαν
355 1949 556 2035 περιφέρων.
590 1941 718 2033 προῖὼν
737 1946 773 2013 δέ
791 1944 830 2025 ἐς
841 1945 920 2014 τόδε
936 1946 1136 2035 περιήχθην,
1165 1941 1253 2036 ὅπερ

217 2046 339 2136 ἀρτίως
355 2044 432 2137 ἡμῖν
450 2046 635 2127 ἐπεκάλεις·
653 2048 773 2136 γαῦρός
790 2073 826 2115 τε
842 2046 905 2135 γὰρ
924 2044 991 2115 ἀπὸ
1009 2055 1069 2116 τοῦ
1081 2049 1182 2138 λόγου
1194 2053 1253 2118 καὶ

214 2151 383 2239 μετέωρός
398 2148 467 2234 είμι
478 2153 535 2217 καὶ
548 2145 634 2229 όλως
644 2148 760 2237 μικρὸν
774 2146 882 2217 οάκέτι
895 2146 989 2218 οάδέν
1002 2150 1142 2218 ἐπινοῶ·
1161 2153 1252 2219 δοκῶ

214 2251 277 2342 γὰρ
294 2276 354 2338 μοι
372 2247 489 2337 ὅμοιόν
505 2278 540 2319 τι
561 2257 769 2320 πεπονθέναι
786 2250 872 2343 πρὸς
890 2256 1094 2343 φιλοσοφίαν
1113 2252 1263 2342 οἷόνπερ,

215 2360 271 2422 καλ
290 2355 322 2423 οἱ
336 2351 430 2423 Ἰνδολ
447 2352 535 2444 πρὸς
550 2350 608 2421 τὸν
629 2351 717 2422 οἶνον
738 2355 888 2442 λέγονται
906 2363 1048 2436 παθεῖν,
1077 2351 1133 2424 ὅτε
1154 2363 1253 2445 πριό-

214 2482 273 2526 τον
298 2456 394 2525 ἐπιον
419 2453 537 2525 αάτού·
566 2456 768 2547 θερμότεροι
787 2457 850 2546 γάρ
872 2455 963 2540 δντες
989 2459 1090 2548 φύσει
1114 2459 1253 2538 πιόντες

217 2557 348 2648 ἰσχυρὸν
367 2554 453 2627 ούτω
471 2553 577 2627 πστδν
591 2555 708 2626 αάτίκα
723 2559 814 2643 μάλα
828 2561 1111 2648 ἐξεβακχεύθησαν
1123 2563 1179 2628 καὶ
1197 2562 1251 2629 δι-
1350 2636 1351 2643 ,

214 2665 367 2742 πλυσίως
391 2657 469 2729 όπδ“
484 2668 545 2731 τοῦ
571 2659 714 2750 ἀκράτου
746 2662 954 2753 ἐξεμάνησαν.
1000 2658 1085 2731 ούτω
1113 2688 1168 2731 σοι
1192 2666 1250 2733 καὶ

215 2761 315 2844 αὐτὸς
333 2763 450 2844 ἐ’νθοος
465 2767 521 2831 καὶ
537 2765 675 2850 μεθύων
691 2761 759 2833 ὑπὸ
776 2772 842 2833 τῶν
860 2766 964 2853 λόγων
981 2770 1208 2854 περιέρχομαι.

181 2880 197 2928 ε
266 2872 364 2927 ΕΤΑΙ.
402 2868 470 2933 Καὶ
485 2863 549 2954 μήν
565 2867 665 2934 τοῦτό
683 2892 719 2953 γε
737 2864 775 2936 ού
793 2868 946 2952 μεθύειν,
974 2865 1058 2935 ἀλλά
1079 2870 1194 2958 νήφειν
1210 2892 1252 2936 τε

214 2968 280 3034 καλ,
293 2980 476 3057 σωφρονεῖν
498 2967 596 3036 ἐστιν.
636 2967 700 3056 ἐγιὺ
724 2970 760 3037 δὲ
776 2972 955 3058 βουλοίμην
973 2966 1025 3051 ἀν,
1052 2969 1085 3037 ελ
1106 2969 1177 3041 οἶόν
1197 2974 1246 3053 τε,

185 3101 188 3109 ·
215 3065 324 3136 αάτιδν
346 3065 487 3138 ἀκοῦσαι
507 3077 573 3138 τῶν
594 3070 716 3159 λόγων·
743 3067 820 3140 οάδέ
840 3070 903 3161 γὰρ
927 3063 1004 3141 υάδέ
1029 3085 1247 3163 καταφρονεῖν

216 3168 333 3253 αάτιῖιν,
354 3167 461 3256 οἶμαι,
485 3178 599 3257 θέμις,
623 3170 732 3255 άλλως
747 3199 784 3242 τε
802 3173 832 3242 εί
848 3178 904 3243 καὶ
922 3177 1019 3265 φίλος
1035 3177 1092 3245 καί
1108 3177 1188 3268 περί
1204 3172 1248 3242 τδι

216 3269 317 3361 ὅμοια
336 3272 549 3356 ἐσπουδακὼς
568 3272 586 3342 ὃ
603 3276 803 3362 βουλόμενος
821 3274 951 3347 ἀκούειν
969 3277 1030 3364 εἴη.

265 3383 376 3439 ΛΟΥΚ·
414 3376 540 3468 θάρρει,
561 3368 691 3465 ὦγαθέ·
709 3385 806 3447 τοῦτο
824 3379 886 3467 γάρ
903 3404 958 3447 τοι
974 3377 1013 3448 τὸ
1030 3386 1090 3448 τοῦ
1100 3375 1244 3469 Ὁμήρου,

210 3478 399 3547 ’σπεύδοντα
420 3482 477 3548 καὶ
498 3476 597 3548 αὐτὸν
623 3484 839 3570 παρακαλεῖς,
867 3484 923 3549 καί
945 3481 979 3550 εἴ
1000 3507 1036 3569 γε
1056 3479 1101 3569 μή
1125 3481 1244 3572 ἐφθης,

215 3579 314 3662 αάτδς
332 3579 372 3649 δν
385 3581 526 3671 ἐδεήθην
539 3579 755 3669 ἀκούσαιμεν
771 3585 998 3672 διηγουμένου·
1014 3584 1166 3675 μάρτυρα
1183 3586 1246 3673 γάρ

215 3707 253 3753 σε
277 3684 566 3775 παραστήσασθαι
590 3684 677 3774 πρὸς
702 3683 778 3767 τοὺς
803 3685 954 3767 πολλοὺς
976 3684 1083 3768 ἐθέλω
1107 3682 1161 3754 ότι
1187 3685 1246 3754 οὖν

215 3781 343 3873 ἀλόγως
363 3793 537 3875 μαίνομαι·
564 3784 672 3869 άλλως
692 3814 729 3857 τε
749 3791 804 3857 καὶ
825 3786 886 3878 ήδύ
908 3813 968 3875 μοι
992 3786 1031 3856 τὸ
1053 3795 1245 3878 μεμνῆσθαι

215 3885 324 3955 αάταλν
335 3891 503 3972 πολλάκις,
515 3894 571 3958 καί
582 3892 703 3981 ταύτην
712 3888 774 3981 ήδη
783 3896 918 3980 μελέτην
928 3890 1150 3980 ἐποιησάμην·
1170 3890 1245 3958 ἐπεὶ

214 3986 275 4061 κάν
287 4018 338 4071 τις
349 3987 394 4076 μὴ
403 3992 520 4084 παρὼν
532 3995 622 4084 τύχη,
636 3998 692 4063 καὶ
702 3992 788 4064 οὕτω
799 3997 849 4075 δὶς
857 3992 879 4082 ἢ
887 3997 958 4081 τρὶς
966 4000 1024 4083 τής
1032 3991 1155 4087 ἡμέρας
1165 3990 1245 4060 ἀνα-
