2722 4646
105 224 181 274 VIII
551 228 621 272 vira
637 225 765 270 nucum.

101 360 211 405 maroa
232 334 289 409 ἅμα
310 345 357 395 καὶ
378 335 580 412 depascendos
596 338 647 393 osio
665 356 734 409 pore
755 338 856 395 comici
868 345 980 396 veteres
995 340 1114 413 Graeci,
1134 361 1208 416 quoe

106 416 198 464 πίστει
211 412 245 481 τῇ
258 414 372 482 μεγίστῃ
389 406 585 478 διαφυλάττειν
601 413 647 465 καὶ
665 407 766 477 partim
780 407 905 463 imItatus
920 406 1138 482 esthiniacus,
1156 411 1209 468 im-

105 475 291 545 ααραδιδόναι
308 475 426 549 δημοσίᾳ
444 471 514 546 ripis
535 476 586 530 τὸν
603 475 647 547 del
664 493 741 546 pune
751 477 806 530 sibi
814 478 1012 546 permiserunt
1039 479 1105 535 Non
1113 482 1206 537 minus

102 548 208 617 χρόνον
222 543 356 601 άπακεισσ
379 551 449 610 ivus,
462 550 509 598 καὶ
520 543 534 599 ὁ
544 544 647 612 μισθὸς
666 562 739 599 vana
755 545 944 600 fanaticorum
966 549 1144 616 quorundam
1162 550 1207 605 in·

106 614 156 669 οὐκ
172 611 317 678 ἰδιωτικὸς,
331 567 398 667 diii
413 611 489 682 παρὰ
503 616 554 666 τσῦ
568 620 647 682 βασι*
665 611 722 666 fimi
736 613 799 668 aevi
812 612 1037 668 Christianorum
1047 624 1206 674 commenta

102 682 184 747 λέωε,
208 681 241 735 od
263 680 358 752 μικρὸς
380 678 445 735 οὐδὲ
463 670 556 745 οὗτοι,
579 680 647 735 alla
665 686 746 750 sunt,
765 698 838 761 quae
858 699 944 762 snpra
961 683 1075 740 notavi.
1091 685 1129 741 de
1147 685 1205 741 Ln-

104 749 320 806 πολντάλαντσι.
342 748 471 820 Apparet
483 766 518 804 ex
531 750 576 803 his
586 766 645 803 ver·
665 750 747 804 ciano
772 750 920 821 religionis
942 747 1121 809 Christianae
1144 754 1206 810 irri-
1282 816 1286 823 ,

103 819 163 889 his,
192 834 265 889 quae
297 834 355 872 non
383 817 579 888 explicuerunt
603 817 643 871 in-
664 834 737 872 sore.

102 892 253 958 terpretes,
268 885 428 941 Luciannm
443 886 644 956 hypomnema·
695 886 742 940 De
752 891 879 958 tempore
889 892 1085 958 quomortuus
1100 889 1204 945 sith-

102 956 276 1036 tographum
303 955 392 1009 fuisse
417 955 557 1024 praefecti
578 953 644 1009 Ale·
664 955 763 1009 cianus
778 962 888 1011 tantum
900 957 1089 1026 probabiliter
1098 958 1205 1028 conjici

100 1025 247 1088 xandrrae,
264 1023 345 1093 cujus
359 1021 482 1077 muneris
495 1021 598 1076 mentio
612 1020 645 1075 fit
663 1039 750 1092 posse
761 1041 847 1093 supra
856 1024 995 1095 dicebam,
1010 1026 1205 1097 grandaevum

103 1094 181 1163 apud
210 1090 382 1147 Strabonem
407 1091 450 1145 17.
480 1107 509 1160 p.
531 1090 590 1145 797.
617 1099 646 1144 et
664 1108 728 1145 eum
746 1109 781 1146 ex
794 1093 853 1146 vita
867 1094 1032 1160 excessisse,
1047 1092 1203 1150 Commodo

101 1160 132 1214 in
151 1160 260 1215 codicis
275 1158 472 1215 Theodosiani
489 1159 562 1214 libro
577 1159 644 1212 XII.
663 1159 810 1230 imperium
827 1166 950 1216 tenente.
986 1162 1121 1233 Podagra
1139 1180 1204 1219 eum

101 1228 167 1311 lege
182 1230 241 1283 192.
262 1228 318 1282 Tit.
332 1227 358 1283 1.
379 1229 415 1282 de
433 1225 643 1296 decurionibus,
664 1229 811 1284 laborasse
826 1245 918 1302 eoque
928 1230 1028 1285 morbo
1042 1232 1204 1286 absnmtnm

101 1300 142 1351 “ss
151 1315 216 1368 quos
224 1305 380 1367 spontaneos
388 1299 644 1366 lypommmatopra-
663 1296 751 1352 fuisse
764 1297 836 1352 levis
850 1299 1026 1369 quorundam
1043 1299 1139 1369 opinio
1158 1305 1205 1355 est

97 1364 147 1436 pli
159 1364 379 1438 (Alexandrinae
394 1362 526 1436 civitatis)
540 1366 644 1435 munifi·
663 1383 721 1420 non
747 1366 804 1420 alio
831 1373 997 1435 argumento
1023 1367 1089 1422 nixa
1116 1385 1203 1439 qnam

103 1451 148 1486 cos
163 1435 218 1486 suis
235 1433 453 1487 exhortationibus
474 1434 511 1486 od
522 1434 645 1502 publicas
683 1434 741 1487 uod
767 1435 849 1488 Poda
883 1442 917 1489 ae
948 1436 1048 1490 laudes
1080 1436 1203 1492 carmine

101 1503 292 1557 nominaverint
307 1501 467 1571 functiones,
490 1502 645 1572 Aepustoh's
701 1502 806 1575 XXX)
826 1520 844 1557 a
880 1503 1054 1573 tragicorum
1076 1510 1203 1559 veterum

95 1570 220 1639 jubemus
236 1588 291 1623 non
307 1571 492 1639 expectandum
509 1587 564 1623 esse
582 1588 643 1623 cors·
662 1571 848 1626 imitationem
868 1572 1027 1652 composito
1055 1572 1203 1627 celebran-

99 1638 643 1762 seasumpuifitplerumquevenolh.“eto.
662 1645 722 1707 tur,
741 1640 818 1760 ‹puod
835 1656 911 1694 nuno
929 1646 1004 1694 mter
1021 1639 1128 1711 scripta
1146 1641 1203 1695 Lu·
1302 1647 1307 1656 ’
1352 1720 1357 1729 Ι

99 1707 288 1830 tillut
302 1706 644 1830 stillabunt}
661 1707 1203 1833 lltltttllstsllllllttt·

99 1841 341 1965 1111111111
355 1814 492 1964 as
505 1815 642 1965 sss
660 1844 869 1967 bisalta
882 1844 981 1967 ists
997 1844 1202 1967 11111111

98 1996 175 2049 pone
202 1979 326 2063 quodam
350 1928 530 2048 quue’ntem,
558 1999 640 2049 παρτ·
661 1928 701 2033 Cis
719 1980 859 2036 interdum
872 1931 1071 2051 applicrferunt
1088 1979 1202 2052 biogra-

99 2046 170 2103 στώι
185 2068 237 2120 γαρ
251 2053 309 2103 τοῖς
322 2043 452 2120 ἡγεμόσιν
466 2043 554 2100 ὁπότε
567 2046 642 2100 druri-
659 2047 718 2116 phi.

99 2119 205 2182 ζσιντσ,
228 2113 465 2184 ὑπεμνημστίζετσ
494 2115 544 2172 τὰς
565 2114 641 2170 δίκας
694 2114 808 2187 Scripta
829 2116 950 2171 Luciani
977 2117 1114 2187 pleraque
1142 2117 1202 2179 (iia-¹
1228 2119 1231 2125 ⁴

98 2184 218 2256 εἰσάγων
227 2181 342 2252 &sticum
355 2184 446 2245 τάξιν·
465 2183 526 2236 εἶτα
539 2182 575 2237 τὰ
590 2189 641 2249 μὲν
659 2184 719 2254 logi
728 2184 847 2240 formam
855 2185 977 2254 habent,
994 2202 1077 2256 quam
1091 2186 1129 2239 ad
1138 2202 1203 2255 per·

98 2248 283 2322 άπήλειφενῆ
303 2252 402 2325 παρῄει
419 2250 499 2316 ἑκών,
518 2250 553 2304 τὰ
569 2247 595 2304 δ’
607 2251 640 2304 οὐ
659 2252 811 2308 factionem
821 2253 956 2322 majorem
966 2254 1040 2308 abse
1051 2254 1201 2308 adductam

97 2319 126 2375 λε
145 2323 234 2374 θέντα
244 2327 472 2392 προσενέταττεν.
659 2337 722 2376 esse
736 2322 867 2390 pluribus
879 2322 1011 2391 exposuit
1024 2321 1145 2391 XLVII,
1157 2321 1201 2376 34.

125 2343 178 2442 ibe
196 2404 226 2443 re
251 2387 408 2442 domestica
425 2386 548 2442 Luciani
569 2388 640 2442 nihil
658 2388 835 2459 Argumenta
858 2406 932 2461 quae
953 2392 1088 2445 tractavit
1113 2389 1203 2445 maxi-

98 2454 219 2526 amplius
231 2456 638 2526 compertumhabemusquam
658 2475 731 2513 mam
748 2465 858 2528 partem
880 2460 918 2513 ad
940 2460 1028 2514 vitam
1051 2476 1086 2514 ac
1107 2475 1202 2513 mores

96 2530 213 2579 uxor'em
235 2540 298 2578 eum
327 2522 463 2578 habuisse
485 2523 638 2597 filiumque,
658 2526 772 2580 illorum
789 2533 949 2608 temporum
967 2529 1013 2583 vel
1037 2527 1200 2582 describen-

98 2609 182 2662 qnem
192 2599 328 2647 memorat
336 2592 460 2662 XXXV,
472 2592 513 2646 13.
659 2595 711 2649 dos
725 2597 771 2650 vel
787 2602 858 2650 castr
881 2596 985 2663 andos,
1004 2596 1041 2649 ad
1055 2593 1201 2649 educatio·

132 2659 293 2716 Christiana
318 2661 457 2731 religione
479 2660 638 2717 Lucienum
657 2680 721 2717 nem
732 2680 817 2732 quum
827 2614 1039 2734 publicamtum
1048 2662 1201 2732 paratam,

96 2727 233 2783 imbutum
252 2729 341 2783 fnisse
359 2729 549 2785 recentiorum
568 2747 637 2800 quo·
657 2732 857 2811 literarumque
882 2730 976 2785 studia
997 2730 1143 2810 pertinent
1161 2732 1199 2785 ab

95 2798 216 2852 tundam
226 2797 322 2869 opinio
337 2796 393 2851 fuit
405 2798 455 2852 diu
464 2799 637 2868 multumque
656 2800 769 2868 philoso
790 2800 836 2853 his
866 2805 897 2853 et
927 2798 1062 2867 sophistis
1094 2816 1201 2870 magno

96 2865 255 2935 disceptata
288 2882 371 2935 quam
390 2866 459 2920 satis
478 2866 531 2920 erit
548 2869 636 2921 verbo
656 2873 715 2920 tum
724 2818 825 2921 ardhre
836 2867 923 2935 culta,
934 2867 984 2920 sed
993 2866 1084 2936 magis
1094 2867 1199 2937 magis·

95 2935 234 3003 tetigisse.
257 2907 331 2989 iiam
341 2934 395 2989 etsi
404 2934 549 2988 Lucienus
559 2932 637 2988 Chri-
658 2952 713 3005 quc
722 2937 759 2989 ab
769 2935 867 2989 nativa
876 2940 1003 2989 veterum
1017 2934 1201 3004 simplicitate

95 3003 132 3054 sti
151 3009 181 3056 et
197 3001 345 3073 religionis
364 3001 543 3057 Christianae
564 3002 636 3059 noti·
657 3010 686 3058 et
699 3003 843 3074 elegantia
857 3001 981 3069 deflexa,
1000 3002 1080 3057 cuius
1094 3003 1198 3073 vindex

94 3069 164 3125 tiam
181 3070 306 3141 aliquam
319 3070 434 3138 habuit,
451 3077 485 3125 ut
503 3087 537 3126 ex
550 3072 637 3141 pluri·
655 3074 809 3127 acerrimus
818 3071 963 3126 Lucienus
975 3070 1090 3126 exstitit.
1113 3071 1201 3128 Unde

93 3139 149 3194 bus
160 3139 329 3261 scripporum
342 3139 405 3208 ejus
419 3139 492 3193 locis
506 3145 634 3209 apparet,
655 3140 764 3194 factum
778 3145 867 3194 estut
881 3139 989 3218 scripta
1003 3155 1056 3194 sua
1069 3141 1107 3195 ad
1120 3146 1198 3195 rete·

94 3224 168 3278 quos
177 3208 207 3260 in
252 3208 314 3261 dice
325 3208 482 3278 composui,
497 3213 592 3262 temen
602 3224 637 3263 ea
655 3226 717 3263 rum
725 3208 886 3262 Atticorum
900 3207 1088 3262 imitationem
1101 3208 1200 3279 potius

93 3276 178 3331 valde
192 3275 359 3345 imperfecta
372 3275 439 3344 fuit,
454 3283 486 3330 ut
494 3276 556 3345 jam
566 3275 635 3331 Ges·
655 3293 740 3347 qnam
750 3276 786 3331 ad
797 3275 958 3347 aequalium
969 3276 1138 3346 scriptorum
1152 3294 1198 3332 ex·

93 3361 180 3399 nesus
200 3344 364 3409 observavit
377 3345 407 3398 in
421 3344 635 3400 commentatio·
655 3343 749 3415 ampla
759 3350 952 3414 componeret.
978 3345 1013 3399 In
1023 3362 1080 3426 quo
1091 3362 1199 3418 genere

94 3430 130 3466 ne
141 3415 175 3467 de
186 3413 383 3482 Philopatride
398 3415 422 3481 §-
432 3414 474 3468 19.
483 3414 527 3467 20.
542 3428 635 3484 neque
654 3415 719 3483 plus
732 3414 876 3483 praestitit
890 3430 975 3485 quam
990 3431 1141 3486 quisquam
1151 3430 1196 3468 ce·

93 3481 183 3534 ullum
200 3498 319 3552 usquam
337 3483 456 3536 verbum
478 3480 584 3549 legitur
601 3497 636 3535 ex
653 3486 777 3562 tororum
792 3498 865 3563 quos
878 3481 1008 3536 novimus
1022 3482 1135 3537 Atticae
1155 3481 1197 3534 di·

93 3566 150 3670 pno
160 3549 253 3619 ipsum
266 3550 332 3604 huic
346 3549 478 3620 religioni
491 3549 635 3603 addictum
654 3548 758 3603 ctionis
766 3556 949 3619 imitatorum,
964 3550 1018 3606 etsi
1028 3567 1114 3623 quum
1123 3548 1197 3602 Atti·

107 3617 182 3672 uisse
202 3635 265 3674 cum
282 3619 380 3690 aliqua
392 3618 452 3673 veri
467 3615 562 3686 specie
577 3617 634 3671 col·
654 3634 751 3672 corum
776 3625 903 3674 veterum
930 3620 1028 3690 lingua
1059 3616 1200 3688 plurimas

92 3684 144 3754 ligi
162 3687 262 3754 possit.
289 3686 350 3741 Nec
369 3686 447 3757 qnod
461 3685 531 3738 deos
546 3683 634 3741 Grae·
654 3685 789 3743 subiisset
801 3687 982 3755 mutationes,
997 3685 1059 3742 fieri
1078 3686 1124 3740 vix
1143 3700 1196 3757 po-

94 3769 190 3807 oorum
200 3754 268 3808 risui
277 3755 414 3810 lectorum
423 3751 519 3808 multis
531 3753 562 3808 in
575 3754 635 3809 dia-
652 3759 727 3810 terat
744 3756 814 3879 (ffiin
832 3756 946 3827 saepius
965 3761 1065 3810 contra
1082 3755 1196 3809 illorum

93 3822 168 3902 logis
186 3823 317 3892 exposuit
333 3822 419 3881 ullius
432 3821 462 3877 in
475 3821 531 3877 huc
546 3839 635 3904 quae·
653 3840 735 3878 usum
785 3826 868 3880 cendi
885 3829 1032 3894 peccaret,
1051 3824 1129 3905 quod
1148 3839 1195 3904 εξ·

94 3896 186 3945 strone
209 3890 342 3945 momenti
369 3894 420 3945 est.
461 3892 535 3947 Nam
558 3893 634 3947 rdem
652 3893 754 3964 amplis
772 3893 898 3948 ostendit
912 3890 1038 3946 Cobetus
1057 3909 1087 3946 111
1099 3891 1199 3947 Varus

91 3957 182 4030 longo
201 3966 267 4015 ante
285 3957 427 4014 Christum
449 3965 548 4017 natum
563 3967 634 4017 tem-
652 3960 837 4019 Lectionibus
846 3959 1024 4031 pasassqq.
1034 3960 1138 4032 quibus
1151 3964 1198 4014 ta·
