2712 4628
248 250 313 333 294
634 260 887 317 AormANor

249 367 357 456 ἐχρήν,
377 366 409 434 ἐν
426 355 447 455 ᾗ
466 365 696 451 ἐπιθυμοῦμεν
719 363 782 454 ἐγώ
804 367 914 433 τεκαὶ
935 363 975 434 σὺ
997 365 1288 449 πολιτεύσασθαι,

247 467 271 558 ἢ
288 472 362 537 δέον
380 467 413 549 ἐς
426 469 593 558 Κόρινθον
612 467 732 549 ἐλθεῖν,
753 464 771 535 ό
791 464 822 535 δ’
834 465 868 548 ἐς
880 469 1064 553 Βαβυλῶνα
1078 462 1290 556 ἀφικόμενος

250 574 357 640 οῖέται
373 572 540 661 Κόρινθον
558 569 735 659 ἑορακέναι,
755 562 875 659 ἀδήλου
894 566 968 655 ἐμοὶ
984 577 1063 657 γοῦν
1080 570 1145 641 ἐτι·
1166 568 1208 639 ού
1224 568 1289 658 γὰρ

246 675 381 753 πάντως
400 671 425 741 δ»
437 671 510 741 τινὰ
527 674 626 741 πόλιν
644 671 724 740 ἰδὼν
736 673 903 760 Κόρινθον
920 669 1015 755 εἶδεν,
1036 673 1070 742 εἴ
1082 698 1121 762 γε
1138 669 1180 740 ού
1199 673 1287 761 μόνη

246 778 348 858 πόλις
370 774 458 844 ἐστὶν
480 772 499 864 ἡ
517 775 694 862 Κόρινθος.
736 773 755 845 ὃ
777 776 814 841 δέ
837 773 876 861 δή
898 776 1043 859 μάλιστα
1063 775 1113 856 εἷς
1134 770 1289 864 ἀπορίαν
1345 868 1346 871 ¹

246 906 289 966 με
306 885 513 968 καθίστησιν,
538 876 640 960 ἐκεῖνό
658 877 739 958 ἐστι,
763 875 801 944 τὸ
820 876 943 945 εἰδέναι
965 868 1016 945 ότι
1037 883 1135 946 πᾶσα
1159 874 1289 967 ἀνάγκη
1345 888 1346 897 ’

242 988 326 1068 ’μίαν
352 977 519 1070 εἶναιτὴν
546 976 664 1068 ἀληθή
685 976 779 1048 ὁδόν·
806 983 862 1049 καὶ
887 978 949 1068 γὰρ
975 978 996 1069 ή
1023 980 1198 1070 Κόρινθος
1225 986 1290 1066 μία

248 1083 349 1166 ἐστὶν,
383 1083 419 1152 αἱ
449 1080 480 1151 δ’
501 1079 600 1150 ἀλλαι
630 1078 817 1165 πανταχόσε
846 1084 970 1177 μᾶλλον
998 1078 1021 1169 ἢ
1052 1080 1085 1162 ἐς
1110 1082 1289 1171 Κόρινθον

222 1216 235 1233 ·
248 1183 393 1273 ἄγουσιν,
419 1184 511 1253 εἶ’
465 1213 512 1274 μη
528 1211 580 1264 τις
598 1180 684 1253 ούτω
705 1183 837 1273 σφόδρα
858 1189 1018 1272 παραπαί
1018 1208 1051 1251 οι
1073 1180 1119 1264 ἀς
1141 1185 1289 1255 οἴεσθαι

247 1291 357 1356 καὶ
324 1315 381 1378 την
404 1288 452 1368 εἰς
465 1285 697 1377 Ὑπερβορέους
718 1289 775 1354 καὶ
795 1285 853 1374 τήν
876 1286 924 1438 εἰς
937 1282 1101 1366 Ἰνδοῦς”
1077 1311 1234 1373 ογουσαν
1257 1288 1289 1369 ἐς

247 1392 415 1479 Κόρινθον
434 1391 586 1461 στέλλειν.

299 1508 384 1565 ΕΡΜ
419 1495 486 1561 Καὶ
503 1498 577 1572 πῶς
595 1488 667 1559 οίόν
683 1516 728 1572 τε,
749 1517 776 1558 ω
762 1432 926 1595 Λυκῖνες
945 1486 1074 1577 άλλη
1038 1515 1100 1580 γαρ
1116 1487 1287 1576 ἀλλαχόσε

249 1592 331 1682 ἀγει.

129 1753 132 1758 .
196 1718 229 1768 28
298 1712 382 1768 ΛΥΚ.
423 1692 553 1777 Οὐκοῦν,
573 1722 601 1762 ω
587 1685 717 1762 ’(καλέ
710 1706 772 1784 Ερι
773 1696 889 1780 ιότιμε,
909 1692 947 1763 σύ
961 1699 1079 1783 μικρᾶς
1093 1694 1148 1762 δεῖ
1157 1699 1286 1785 βουλῆς

247 1797 355 1866 ἐπὶ
321 1822 380 1888 την
398 1798 525 1886 αιρεσιν
541 1805 607 1865 τῶν
625 1794 713 1867 ὁδῶν
733 1823 770 1866 τε
791 1801 848 1864 καλ
868 1795 1048 1885 ἡγεμόνων,
1077 1792 1157 1864 οῧδέ
1181 1805 1284 1866 τοῦτο

247 1901 287 1990 δή
305 1899 343 1969 τὸ
361 1908 420 1968 τοῦ
439 1901 537 1989 λόγου
555 1901 748 1990 ποιήσομεν,
760 1900 857 1967 ’ἔνθα
874 1897 914 1967 ἂν
931 1890 1018 1987 ἡμᾶς
1040 1898 1073 1966 ολ
1093 1898 1204 1981 πόδες
1222 1906 1284 1991 φέ-

246 2029 358 2094 ρωσιν,
378 2001 482 2071 ἐκεῖσε
491 1999 629 2087 ἀπιμεν·
649 2000 723 2070 ἐπεὶ
736 2002 878 2089 λήσομεν
892 1998 996 2082 ούτως
1010 1998 1083 2069 ἀντὶ
1095 2007 1156 2089 τῆς
1170 2001 1206 2082 ἐς
1213 2005 1284 2071 Κό-

251 2113 367 2193 ρινθον
386 2102 529 2192 ἀγούσης
546 2104 605 2193 τὴν
623 2103 680 2173 ἐπὶ
692 2107 890 2189 Βαβυλῶνος
902 2099 923 2191 ἢ
936 2103 1094 2193 Βάκτρων
1108 2101 1281 2185 ἀπιόντες.

247 2207 324 2276 ούδέ
341 2206 403 2298 γὰρ
422 2205 493 2275 οὔδ’
510 2207 611 2276 έκεῖνο
629 2210 737 2287 καλῶς
759 2206 837 2290 ἐχει,
859 2213 899 2296 τῇ
916 2202 996 2294 τύχη
1016 2205 1209 2292 ἐπιτρέπειν
1233 2204 1281 2288 ὦς
1345 2232 1346 2291 η

245 2311 330 2392 τάχα
352 2306 470 2398 ἀυτήν
492 2307 628 2398 ἀρίστην
650 2308 836 2394 ἑλομένους,
865 2309 895 2376 εἰ
916 2311 971 2376 καὶ
994 2304 1070 2376 ἀνευ
1094 2307 1279 2390 ἐξετάσεως

247 2409 449 2580 ὁρμήσαιμεν
472 2411 590 2480 ἐπλί
549 2417 628 2498 μίαν
649 2419 715 2480 τῶν
738 2408 864 2479 όδοῖνί
845 2417 1031 2500 ηντινασῦν·
1058 2408 1202 2480 δυνατόν
1222 2413 1277 2498 μέν

245 2513 306 2611 γὰρ
324 2516 380 2580 καὶ
397 2520 495 2583 τοῦτο
511 2520 677 2602 γενέσθαι,
696 2516 752 2580 καὶ
770 2515 852 2593 ἰ’σως
869 2514 952 2581 ποτὲ
969 2511 1094 2600 ἐγένετο
1111 2539 1155 2580 κα
1157 2512 1278 2640 λέντηῖ

245 2623 359 2704 μακρῷ
380 2617 502 2705 χρόνῳ·
529 2614 616 2705 ἡμᾶς
638 2619 675 2685 δέ
694 2642 731 2704 γε
753 2619 918 2705 περὶτῶν
941 2610 1027 2683 ούτω
1049 2606 1259 2703 μεγάλων’
1223 2642 1278 2685 ουκ

246 2716 340 2803 οἶμαι
359 2720 426 2785 δεῖν
444 2717 681 2805 παραβόλως’
662 2731 874 2806 αναρριπτεῖν
891 2715 963 2786 οὐδ’
974 2717 1009 2799 ἐς
1026 2715 1140 2787 στενὸν
1156 2720 1278 2846 κομιδη

245 2822 397 2886 κατακλεί
384 2826 444 2887 ίειν
460 2819 518 2908 τήν
537 2820 656 2887 ἐλπίδα
674 2819 731 2888 ἐπὶ
750 2817 916 2908 ῥιπὸς(
891 2847 936 2900 ως
952 2817 972 2908 ή
995 2826 1165 2910 παροιμία
1184 2823 1274 2910 φησὶ,

244 2920 301 2987 τὸν
318 2921 457 3007 Αἰγαῖον
474 2920 496 3009 ἢ
513 2921 570 2989 τὸν
585 2920 909 2991 Ἰόνιον-διαπλεῦσαι
923 2921 1110 3003 ἐθέλοντας,
1131 2917 1191 2991 ὅτε
1205 2918 1274 2990 τύδ’

246 3021 472 3107 αἰτιασαίμεθ
486 3020 525 3091 ἀν
540 3021 682 3111 εὐλόγως
693 3022 751 3112 τήν
758 3025 864 3113 τύχην,
885 3024 915 3092 εί
926 3023 1107 3105 τοξεύουσα
1115 3027 1173 3093 καὶ
1183 3022 1277 3093 ἀκον-

244 3124 379 3206 τίζουσα
396 3123 440 3212 μή
458 3126 591 3204 πάντως
610 3125 700 3209 ἐτυχε
717 3122 885 3214 τάληθοῦς
903 3124 974 3207 ἑνὸς
987 3122 1081 3207 ὄντος
1095 3125 1131 3195 ἐν
1143 3133 1277 3217 μυρίοις

243 3239 315 3305 τοῖς
336 3227 507 3313 ψεύδεσιν,
536 3223 620 3317 ὅπερ
643 3225 720 3296 ούδέ
741 3234 788 3317 τῷ
802 3226 958 3318 Ὁμηρικῷ
978 3229 1097 3318 τοξότῃ
1119 3225 1274 3319 ῦπήρξεν,

245 3328 281 3408 ὃς
300 3331 373 3396 δέον
394 3328 451 3418 τήν
474 3331 634 3398 πελειάδα
657 3333 907 3413 κατατοξεῦσαι.
935 3327 1012 3403 ύδέΙ
1029 3328 1088 3419 τήν
1108 3331 1275 3421 μήρινθον

244 3431 397 3516 ἐνέτεμεν,
416 3430 436 3499 ό
453 3439 599 3518 Τεῦκρος,
620 3431 723 3518 οίμαι.
751 3429 835 3501 ἀλλὰ
852 3432 946 3522 παρὰ
962 3430 1049 3501 πολύ
1064 3431 1168 3501 ἐκεῖνο
1184 3431 1276 3502 εῦλο-

242 3534 385 3623 γιύτερον
401 3541 468 3603 τῶν
478 3538 617 3621 ,πολλῶν
633 3562 667 3603 τι
683 3536 930 3624 τρωθήσεσθαι
941 3538 997 3605 καὶ
1010 3543 1277 3625 περιπεσεῖσθαι

242 3643 289 3725 τῷ
307 3636 652 3721 τοξεύματιῖἒλπίζειν,
675 3634 848 3726 ήπόντως
870 3638 972 3707 ἐκεῖνο
989 3635 1028 3706 τό
1050 3639 1085 3722 ἓν
1107 3635 1145 3720 ἐξ
1165 3634 1277 3709 ἀπάν-

241 3765 317 3807 των.
354 3734 373 3806 ύ
391 3740 428 3809 δέ
445 3740 590 3820 κίνδυνος
608 3736 662 3808 ότι
680 3737 717 3808 ού
739 3738 868 3830 μικρὸς,
896 3740 927 3808 εί
944 3737 1016 3808 ἀντὶ
1036 3744 1095 3829 τῆς
1117 3737 1171 3807 ἐπ’
1186 3736 1276 3809 εύθῦ

205 3860 209 3873 ·
243 3838 386 3930 ἀγούσης
413 3839 447 3921 ἐς
471 3848 537 3910 τῶν
562 3845 820 3931 πεπλανημένων
843 3847 922 3929 μίαν
953 3839 1144 3931 ἀγνοοῦντες
1169 3840 1277 3929 ἐμπέ-

243 3966 370 4027 σοιμεν,
398 3942 584 4027 ἐλπίζοντες
605 3940 737 4032 ἀμεινον
760 3944 962 4036 αἱρήσεσθαι
982 3944 1040 4035 τήν
1065 3945 1165 4034 τύχην
1187 3942 1276 4037 ύπέρ

242 4038 343 4132 ήμῶν,
363 4045 500 4129 εἰκάζειν
513 4044 621 4117 οἶμαι·
641 4044 1063 4137 ούδέγάράναστρέιμαιέτι
1074 4044 1277 4118 καέδνασω-
