2752 4632
383 259 463 318 XIV
489 212 867 318 εεαάΠεΑΣΙε--υο
871 262 913 319 νε
1103 247 1165 321 201

135 362 281 458 φιμλν’
260 371 402 449 ατεχνῶς
424 362 539 446 αάτοῖς
557 373 763 457 περιτιθείς
790 363 894 454 ἀνομα
916 369 952 437 R
972 395 1012 461 τῃ
997 371 1180 497 όυνάμει

134 468 236 558 ταύτῃ
254 465 351 536 ό’ί
294 492 334 535 αα
338 469 448 554 ίόιμος
466 470 742 557 συλλογισμός.
1125 538 1127 543 ,

186 568 454 661 ΗΝΗράκλεις,
473 569 601 658 ἀμαχόν
618 598 691 641 τινα
702 575 817 641 καὶί
779 579 817 658 βί
817 599 889 642 αισν
907 576 1019 664 λέγεις

183 682 294 744 xm.
329 674 457 742 Σκόπει
471 682 560 762 γοῦν.
594 674 669 744 ίστι
686 700 740 744 σοι
755 678 858 744 παιόί
844 681 910 760 ίον,·

185 791 243 847 RN.
281 782 320 845 Τί
336 777 416 866 μήν,·
1077 818 1080 827 v

184 892 293 951 ΧΡΥΣ.
315 885 433 947 ’Τοῦτο
446 868 487 968 ἤν
498 902 573 961 πως
585 881 792 966 κροκόδειλος
804 878 940 971 ἁρπάσῃ
954 884 1167 972 πλησίοντοό

132 987 290 1066 ποταμοῦ
316 981 522 1067 πλαζόμενον
547 979 664 1070 εόρών,
691 975 776 1074 κᾷτά
798 1008 853 1052 σοι
875 981 1067 1055 ἀποόιόσειν
1087 983 1168 1055 ἀπο·

133 1089 268 1172 σχνῆται
286 1081 381 1167 αάτὸ,
400 1082 439 1175 ἢν
457 1086 554 1174 ε’ίπῃς
570 1083 715 1173 τάληθὲς
733 1082 753 1154 ό
769 1113 805 1154 τι
822 1088 973 1155 δέδοκται
986 1085 1075 1177 αὐτῷ
1088 1093 1167 1181 περλ

130 1193 191 1275 τῆς
209 1183 405 1266 ἀποδόσεως
422 1194 480 1254 τοῦ
496 1194 654 1279 βρέφους,
669 1195 709 1257 τί
725 1189 844 1278 φήσεις
862 1185 961 1257 αὐτὸν
980 1189 1166 1278 ίμνωκίναις

185 1302 242 1360 RN.
287 1291 539 1380 Δυσαπόκριτον
574 1290 713 1382 ἐρωτᾷς·
758 1289 876 1385 ἀπορῶ
907 1289 969 1380 γάρ
1006 1289 1167 1383 ὁπότερον

129 1389 239 1460 εἰπὼν
266 1389 483 1479 ἀπολάβοιμι.
524 1390 607 1461 ἀλλά
629 1393 671 1462 σὺ
693 1392 779 1484 πρὸς
800 1401 860 1462 τοῦ
882 1394 963 1475 Διὸς
986 1392 1167 1486 ἀποκρινά·

128 1519 231 1579 μενος
257 1491 432 1563 ἀνάσωσαί
455 1522 516 1580 μοι
540 1494 579 1564 τὸ
606 1498 756 1582 παιδίον,
783 1496 828 1587 μὴ
854 1501 911 1566 καὶ
937 1499 1057 1590 φθάσῃ
1085 1495 1166 1568 αάτό

128 1621 318 1667 καταπιων.

184 1714 293 1770 xm.
330 1700 464 1789 θάρρει·
495 1703 551 1768 καὶ
573 1697 657 1767 ἀλλα
676 1701 739 1794 γάρ
767 1727 804 1771 σε
827 1703 1005 1788 όιόάξομαι
1031 1712 1168 1793 θαυμα-

129 1803 289 1891 σιιότερα.

186 1920 244 1977 RN.
283 1903 331 1973 Τά
348 1916 457 1989 ποῖος

186 2020 295 2078 xm.
335 2007 396 2077 Τὸν
408 2009 585 2095 θερίζοντα
595 2006 722 2077 καὶτὸν
734 2011 924 2096 κυριεύοντα
938 2014 993 2078 καλ
1006 2009 1064 2078 ίπὶ
1081 2018 1167 2081 πάσι

130 2109 192 2198 τὴν
206 2109 376 2199 Ἠλίκρταν
392 2110 498 2178 καλ
465 2136 521 2179 τον
541 2111 822 2198 ἐγκεκαλυμμένον.

187 2226 243 2282 RN
283 2218 360 2281 Τίνα
377 2219 494 2281 τοῦτον
510 2213 568 2282 τόν
590 2211 901 2304 ἐγκεκαλυμμένον
879 2244 899 2305 η
917 2215 1041 2284 τίνα
1007 2221 1067 2327 την
1079 2213 1168 2284 Ἠλί-

126 2340 231 2404 κτραν
249 2318 370 2402 λέγειςς
461 2350 466 2357 ·

185 2432 293 2486 ΧΡΥΣ.
325 2414 494 2513 Ηλίκτραν
506 2418 565 2502 μίν
580 2416 644 2486 ίκεί
631 2426 699 2507 νην
711 2446 769 2507 την
782 2420 884 2501 πάνυ,
902 2448 960 2509 την
972 2418 1168 2509 Αγαμέμνσ

128 2545 202 2643 νρς,
230 2518 314 2607 ἣτά
336 2516 422 2586 αάτά
443 2516 513 2587 old&
533 2545 569 2587 τε
592 2512 661 2605 ἱίμα
682 2524 738 2588 καὶ
761 2518 819 2588 οάκ
842 2519 927 2590 olda·
954 2528 1213 2612 παρεστῶτος

129 2619 196 2710 γάρ
215 2618 297 2710 αὐτῇ
314 2646 373 2688 τοο
359 2619 529 2711 Ὀρέστου
549 2620 634 2690 ἀπ’
615 2629 759 2709 ἀγνῶτος
777 2621 847 2691 οίόε
864 2625 922 2708 μὲν
936 2621 1128 2715 'quoquf
1115 2623 1168 2695 ότι

131 2721 281 2814 ἀδελφός
298 2720 462 2813 αάτῆς,”
441 2748 496 2792 οτι
513 2715 605 2791 όὲ
567 2746 663 2804 ουτος
676 2722 863 2815 Ὀρέστης
844 2740 962 2813 αγνοεῖ.
997 2726 1104 2795 τόνδ’
1125 2721 1167 2796 αὖ

131 2825 409 2918 ἐγκεκαλυμμένον
424 2829 480 2894 καὶ
498 2828 584 2896 πάνυ
598 2826 795 2913 θαυμαστὸν
811 2826 932 2918 ἀκούσῃ
951 2826 1061 2917 λόγον·
1081 2827 1169 2899 ἀπό·

130 2952 243 3019 κριναι
260 2930 324 3018 γάρ
340 2956 412 3014 μοι,
432 2928 488 2998 τὸν
506 2934 636 3019 πατέρα
653 2927 759 2998 οἶσθα
775 2930 833 3000 τὸν
851 2938 991 3000 σεαυτοῦ
997 2960 1009 3016 ,·

187 3024 246 3102 RN.
280 3038 358 3099 Ναί.

187 3142 294 3197 ΧΡΥΣ.
333 3141 371 3202 Τί
388 3126 459 3213 οάν;
480 3132 519 3223 ἥν
536 3159 591 3203 σοι
607 3137 825 3226 παραστήσας
842 3136 916 3205 τινὰ
934 3135 1169 3224 ἐγκεκαλυμμέ-

131 3263 191 3309 νον
208 3239 347 3328 ίριομαι,
367 3239 398 3306 εί
414 3245 529 3307 τοῦτον
547 3236 666 3322 οἶσθα,
685 3245 721 3308 τί
737 3241 855 3329 φήσεις
860 3270 872 3324 ,·

188 3357 245 3413 RN.
280 3339 413 3430 Δηλαόὴ
433 3337 571 3429 ἀγνοεῖν.

133 3460 138 3465 “
186 3459 296 3516 xm.
327 3440 422 3512 Ἀλλά
438 3441 502 3531 μὴν
520 3439 619 3523 αότός
637 3431 733 3522 οὗτος
748 3433 787 3531 ἧν
801 3438 820 3510 ό
835 3440 944 3531 πατὴρ
958 3438 976 3510 ό
992 3441 1065 3520 σός·
1084 3438 1170 3510 ὥστε
1188 3462 1223 3511 ευ

49 3608 52 3612 ,
119 3546 169 3638 Δεἰ
184 3553 302 3615 τοῦτον
320 3542 460 3632 ἀγνοεῖς,
481 3541 628 3634 όῆλοςεῖ
642 3543 699 3613 τόν
716 3543 894 3633 πατέρα
861 3570 919 3612 τον
937 3542 996 3612 σόν
1014 3540 1152 3632 ἀγνοῶν

189 3665 246 3720 RN.
284 3644 327 3718 Οά
345 3638 463 3744 μὲν
423 3658 496 3716 ουν·
520 3644 587 3715 ἀλλ’
604 3645 826 3739 ἀποκαλύψας
844 3644 942 3716 αάτόν
961 3647 1095 3733 εἴσομαι
1112 3644 1169 3735 τὴν

138 3748 311 3841 ἀλήθειαν.
348 3734 489 3835 όμωςό’
505 3742 562 3818 σόν
578 3756 612 3817 τί
629 3775 684 3818 σοι
700 3757 759 3839 τῆς
776 3756 900 3839 σοφίας
915 3776 955 3818 το
941 3748 1079 3832 τέλος,
1096 3745 1171 3837 ἢτί

137 3853 277 3939 πράξεις
294 3851 381 3944 πρὸς
396 3878 435 3920 το
421 3849 690 3941 ἀκρότατον
650 3880 710 3941 της
726 3852 844 3943 ἀρετῆς
860 3849 1077 3941 ἀφικόμενοςς
1206 3862 1210 3871 ’

129 4033 133 4039 ,
189 3964 299 4026 xm.
333 3958 416 4042 Περὶ
440 3953 483 4024 τά
509 3960 628 4042 πρῶτα
652 3954 736 4023 κατά
761 3957 863 4045 φάσιν
882 3954 961 4023 τότε
980 3954 1168 4043 γενήσομαι,

138 4056 222 4144 λέγω
242 4058 279 4126 δὲ
296 4061 454 4143 πλοῦτον,
481 4055 606 4149 ἀμίειαν
623 4057 735 4126 καὶ
700 4085 741 4126 τα
762 4064 910 4129 τοιαῦτα.
954 4057 1116 4150 πρότερον
1134 4058 1171 4125 όλ
