2752 4632
376 277 456 336 XIV.
482 276 584 335 ΒΙΩΝ
605 274 763 333 ΠΡΑΣῙΣ
784 278 889 334 8-11.
1088 266 1152 335 195

119 370 125 379 ’
167 391 266 448 ΔΙΟΓ.
304 388 443 472 Πρώτου
458 382 519 469 μὲν
538 382 744 471 παραλαβών
765 406 808 452 σε
824 368 881 450 καί
903 379 1077 467 ἀποδύσας
1093 385 1152 476 τήν

111 484 249 579 τρυφήν,
259 488 316 554 καί
333 482 461 576 άπορίηι
478 487 753 575 συγκατακλείσας
772 485 947 576 τριβώνιον
967 491 1148 576 περιβαλῶ,

111 588 201 679 μετὰ
221 588 259 657 δλ
279 600 394 657 πονεῖν
413 589 470 655 καὶ
489 587 622 674 κάμνειν
641 588 877 676 καταναγκάσω
901 593 1006 674 χαμαὶ
1026 589 1152 659 καθεύ-

115 692 218 760 δοντα
234 692 289 758 καί
309 687 400 781 ὕδωρ
421 694 561 758 πίνοντα
580 691 637 758 καὶ
659 679 704 758 ών
722 688 813 776 ἔτυχε
835 692 1082 778 πιμπλάμενον,
1108 691 1151 760 τὰ

115 793 156 862 δὲ
169 792 335 885 χρήματα,
361 788 402 881 ἢν
423 790 511 882 Ὦς,
539 790 614 878 ἐμοὶ
635 790 823 879 πιθόμενος
844 790 879 875 ές
898 792 957 883 τήν
977 794 1151 864 θάλατταν

114 900 228 987 φέρων
246 886 411 982 ἐμβαλεῖς,
430 895 538 982 γάμου
557 894 594 962 δέ
611 889 787 982 ἀμελήσεις
798 897 855 963 καί
871 898 1004 965 παίδων
1015 898 1071 966 καί
1083 922 1152 965 πα-

113 998 242 1088 τρίδας,
269 998 325 1063 καί
350 996 462 1065 πάντα
488 1020 544 1066 σοι
568 1000 667 1087 λήρυς
693 995 802 1080 ἔσται,
828 1000 885 1065 καὶ
908 996 967 1088 τήν
991 1000 1151 1089 πατρῴαν

115 1099 224 1168 αἰκίαν
246 1095 423 1169 ἀπολιπών
443 1095 467 1189 ἢ
486 1098 595 1190 τάφον
617 1100 762 1189 οἰκήσεις
782 1096 804 1190 ἢ
824 1107 963 1189 πυργίον
990 1099 1152 1192 δρημυνή

115 1204 172 1271 καλ
189 1207 311 1269 πίθον·
336 1198 357 1290 ή
374 1200 467 1290 πήρα
485 1203 523 1270 δέ
543 1226 599 1271 σοι
610 1207 752 1292 ’θέρμων
769 1201 853 1272 δστω
874 1202 978 1294 μεστή
994 1208 1050 1273 καί
1072 1202 1162 1274 δπι-’
1208 1218 1229 1242 ·

116 1303 323 1394 σθυγράφων
347 1307 498 1391 βιβλίων,
534 1307 590 1374 καὶ
617 1301 726 1387 οὕτως
751 1304 833 1391 έχων
863 1302 1151 1396 εὐδαιμονέστερος

117 1403 203 1474 εἶναι
220 1407 340 1496 φήσεις
355 1412 416 1474 τοῦ
432 1407 576 1496 μεγάλου
596 1411 773 1494 βασιλέως.
807 1404 847 1498 ήν
862 1421 1022 1499 μαστιγοῖ
1041 1410 1080 1478 δέ
1098 1435 1151 1490 τις
1190 1428 1197 1435 “

114 1504 139 1598 ἢ
156 1511 322 1596 στρεβλοῖ,
340 1509 466 1578 τούτων
484 1505 579 1579 οδδλκ
596 1506 732 1601 δινιαρδν
749 1507 864 1601 ήγήση.

169 1626 227 1681 1111.
260 1616 339 1692 Ηώς
355 1618 455 1680 τοῦτο
473 1610 540 1703 φής
556 1610 595 1681 τὸ
612 1611 658 1702 μὴ
676 1610 786 1701 δλγεῖν
807 1612 1084 1702 μαστιγούμενανς
1110 1610 1149 1682 οὗ

114 1711 178 1804 γὰρ
193 1710 376 1801 χελώνης
354 1741 374 1804 η
392 1714 539 1805 καράβου
558 1716 663 1804 δέρμα
679 1718 930 1806 περιβέβλημαι.

168 1831 266 1887 ΔΙΟΓ
291 1813 554 1906 ΤαΕυριπίδειυν
563 1815 667 1886 έκεῖνο
675 1817 832 1906 ζηλωσεις
838 1843 955 1909 μικρον
964 1817 1150 1900 ἐναλλάξας

168 1935 225 1989 &N
236 1917 308 1988 Τὸ
326 1932 443 2005 ποίους

169 2037 266 2094 ΔΙΟΓ.
301 2018 341 2089 ‘H
355 2022 440 2112 φρήν
458 2046 513 2092 σοι
530 2020 679 2113 ἄλγήσει,
698 2019 774 2113 ήδέ
789 2020 962 2111 γλώσσα”
941 2045 1035 2093 εσται
1052 2018 1151 2090 άνάλ-

116 2133 224 2216 γητος.
260 2153 283 2194 α
263 2124 338 2194 “δδ
354 2127 500 2212 μάλιστα
518 2128 571 2196 δεῖ
586 2140 782 2219 προσεῖναι,
797 2123 887 2195 ταῦτ’
903 2125 1005 2196 δστίν·
1032 2123 1150 2212 ἰταμὸν
1169 2146 1201 2197 1ο

113 2227 175 2317 χρὴ
194 2225 351 2297 εἶναικαὶ
367 2227 498 2317 θρασὺν
514 2233 570 2299 καὶ
587 2231 819 2323 λοιδορεῖσθαι
836 2236 941 2299 πᾶσιν
958 2228 995 2312 ἐξ
1008 2230 1082 2319 λ’σης
1094 2231 1151 2303 καὶ

115 2334 290 2418 βασιλεῦσι
306 2333 362 2398 καί
381 2331 546 2413 ἰδιώταις·
573 2328 660 2401 οὕτω
682 2332 745 2423 γὰρ
768 2330 1020 2420 ἀποβλέψονταί
1036 2357 1074 2403 σε
1095 2333 1151 2401 καὶ

118 2432 268 2520 ἀνδρεῖον
292 2430 536 2521 ὑπολήψονται.
574 2434 745 2526 βάρβαρος
771 2436 807 2503 δδ
827 2432 848 2525 ἥ
871 2435 965 2525 φωνή
988 2434 1074 2504 ἔστω
1095 2436 1151 2503 καί

116 2532 242 2623 άπηχές
257 2533 298 2604 τὸ
317 2539 456 2624 φθέγμα
472 2538 528 2604 καὶ
546 2532 688 2621 άτεχνώς
706 2533 821 2623 ὅμοιον
837 2539 922 2620 κυνλ,
940 2539 998 2605 καὶ
1013 2536 1151 2625 πρόσω-

114 2656 182 2706 ·πσν
200 2638 237 2705 δὲ
254 2636 461 2724 ἐντεταμένον
478 2640 534 2706 καὶ
549 2638 699 2726 βάδισμα
715 2640 857 2730 τοιούτῳ
875 2639 1051 2729 προσώπῳ
1070 2643 1152 2726 πρέ-

116 2765 196 2823 πον,
222 2742 278 2808 καὶ
302 2736 388 2821 ὅλως
408 2741 563 2832 θηριώδη
579 2740 623 2811 τδι
644 2741 755 2811 πάντα
771 2744 827 2810 καλ
848 2739 957 2831 δι’γρια.
993 2738 1097 2822 αἰδώς
1114 2740 1152 2811 δὲ

115 2845 173 2910 καὶ
200 2840 362 2912 ἐπιείκεια
387 2846 444 2912 καί
467 2843 643 2935 μετριότης
668 2840 818 2927 άπέστω,
845 2846 901 2913 καί
926 2841 965 2913 τὸ
988 2842 1152 2934 Ιδρυθριελν

115 2942 283 3026 άπόξεσον
299 2951 358 3013 τοῦ
375 2947 563 3034 προσώπου
580 2949 761 3027 παντελῶς.
789 2946 886 3015 δίωκε
900 2947 937 3015 δέ
949 2944 993 3015 τὰ
1005 2948 1151 3014 πολυαν-

116 3046 328 3135 θρωπότατα
344 3055 410 3119 τῶν
424 3053 568 3137 χωρίων,
586 3052 643 3118 καί
662 3046 824 3131 ἓναδτσλς
835 3050 967 3131 τούτοις
978 3050 1079 3136 μόνος
1095 3049 1151 3116 καὶ

117 3145 336 3240 ἀκοινώνητος
353 3148 437 3220 εἶναι
455 3150 553 3220 ἔθελε
564 3150 609 3242 μὴ
623 3155 735 3277 φίλον,
753 3150 798 3242 μὴ
812 3153 901 3235 ξένον
918 3156 1150 3242 προσιέμενος·

116 3252 348 3332 κατάλυσις
313 3279 375 3343 γαρ
393 3250 435 3321 τδι
451 3259 591 3322 τοιαῦτα
606 3260 665 3344 τής
679 3251 788 3342 ἀρχῆς.
816 3252 944 3341 νοψει
958 3256 994 3322 δ
1007 3254 1149 3335 πάντων,

116 3353 246 3442 ἃμηδ
267 3355 338 3445 ἰδίᾳ
362 3355 533 3446 ποιήσειεν
559 3351 599 3424 δῖν
623 3381 688 3436 τις,
715 3361 854 3447 θαρρῶν
875 3362 938 3424 ποί
938 3381 981 3438 ει,
1009 3357 1065 3423 καὶ
1086 3359 1153 3422 τών

117 3452 326 3546 ἀφροδισίων
335 3455 493 3585 αἱροῦ
456 3482 498 3526 τα
514 3458 718 3548 γελοιότερα,
736 3459 792 3525 καλ
808 3454 955 3539 τέλος,”
933 3482 972 3548 ην
989 3481 1045 3525 σοι
1062 3456 1151 3545 δοκῇ,

117 3560 346 3629 πολύποδα
321 3560 411 3647 ωμὸν
427 3589 457 3650 η
432 3558 591 3649 ’σηπίαν
612 3557 730 3649 φαγὼν
750 3556 916 3630 άπδθανε.
954 3558 1076 3646 ταύτην
1098 3581 1153 3626 σοι

116 3660 178 3752 τήν
195 3660 408 3751 εὐδαιμονίαν
424 3666 655 3754 προξενοῦμεν.

172 3781 231 3837 ΩΝ
258 3764 393 3855 Ἄπαγε·
410 3762 515 3856 μιαρὰ
533 3765 594 3858 γὰρ
612 3763 722 3834 κάλ’
686 3792 743 3835 ουκ
761 3763 961 3853 ἀνθρώπινα
977 3765 1140 3852 λέγεις.
1171 3782 1204 3834 11

117 3973 309 4058 μετελθεῖν·
342 3969 380 4040 οὗ
408 3974 471 4063 γάρ
498 3996 554 4041 σοι
580 3971 691 4062 δεήσει
716 3972 873 4051 παιδείας
893 3972 950 4037 καὶ
970 3969 1076 4058 λόγων
1096 3969 1153 4035 καὶ

119 4070 242 4162 λήρων,
270 4071 339 4142 ἄλλ’
358 4074 518 4163 ἐπίτομος
539 4070 620 4166 αὕτη
642 4097 698 4144 σοι
718 4071 806 4169 πρὸς
823 4070 1071 4231 δόξανΙήιδδός·
1096 4072 1154 4139 καὶ
