2722 4646
222 227 265 293 20
607 234 863 301 ΛΟΥΚΙΑΝΟΥ

186 355 188 359 ’
218 370 288 426 τις,
308 340 347 411 ού
361 332 541 433 πόρρωθεν
556 336 627 409 οὔδ’
640 337 840 431 ῶςΠίρυαις
852 338 965 424 νόμος,
986 334 1069 406 ἀλλὰ
1083 338 1137 407 δεῖ
1146 362 1258 426 προσ-

221 446 366 515 ελθόντα
388 446 443 512 καὶ
464 441 685 531 ὑποκύψαντα
705 445 762 510 καὶ
783 442 840 531 τήν
866 440 974 530 ψυχήν
1000 442 1257 512 ταπεινώσαντα

221 551 277 617 καί
293 547 333 617 τὸ
350 548 468 626 πόθος
485 543 585 634 αὑτῆς
603 543 828 636 ἐμφανίσαντα
844 552 884 635 τῇ
897 551 957 614 τοῦ
970 541 1258 631 σῶματοςόμοιό-

220 678 295 741 τητι
319 649 358 718 τὸ
386 656 513 739 στήθος
537 645 561 736 ἢ
585 646 642 737 τήν
669 646 778 730 δεξιὰν
803 650 1005 736 καταφιλεῖν,
1034 645 1177 736 ζηλωτὸν
1198 651 1258 717 καί

221 756 442 842 περίβλεπτον
460 763 531 832 τοῖς
546 751 630 838 μηδὲ
647 750 767 818 τούτου
788 751 1015 838 τυγχάνουσιν·
1044 748 1062 818 ὑ
1087 747 1118 818 δ’
1139 749 1255 838 ’ἕστηκε

220 860 374 944 παρέχων
392 853 508 922 ἑαυτὸν
526 852 560 934 ἐς
576 856 682 921 πλείω
698 854 814 939 χρόνον
833 851 1097 939 ἐξαπατώμενον.
1126 851 1256 921 ἐπαινῶ

223 961 261 1027 δέ
283 983 322 1046 γε
348 958 467 1045 ταύτης
494 953 613 1037 αύτούς
633 962 691 1044 τής
712 946 975 1044 ἀπανθρωπίας,
1004 951 1057 1024 ότι
1077 956 1162 1043 μηδὲ
1182 968 1258 1038 τοῖς

173 1082 207 1134 22
227 1062 388 1148 στόμασιν
405 1056 492 1147 ήμᾶς
509 1064 713 1146 προσίενται.
743 1056 830 1126 πολὺ
850 1059 886 1125 δέ
902 1058 1028 1127 τούτων
1046 1059 1085 1125 οί
1096 1060 1259 1148 προσιόν-

212 1191 276 1244 ,τες
294 1162 389 1230 αὑτοὶ
401 1165 456 1230 καί
470 1160 714 1250 θεραπεύοντες
726 1161 941 1251 γελοιότεροι,
959 1159 1074 1242 νυκτὸς
1086 1162 1146 1247 μέν
1162 1160 1258 1244 ἐξαν-

223 1266 393 1352 ιστύμενοι
408 1269 524 1353 μέσης,
544 1268 760 1352 περιθέοντες
777 1264 813 1332 δέ
833 1263 866 1332 ἐν
883 1266 988 1353 κύκλῳ
1006 1263 1065 1354 τήν
1082 1264 1181 1333 πόλιν
1199 1267 1257 1333 καί

221 1366 308 1454 πρὸς
323 1374 389 1435 τῶν
408 1367 542 1434 οίκετῶν
560 1364 829 1452 ἀποκλειόμενοι,
857 1369 949 1447 κύνες
970 1369 1026 1434 καὶ
1046 1367 1181 1447 κόλακες
1199 1370 1258 1434 καί

220 1469 264 1538 τὰ
290 1475 427 1537 τοιαῦτα
440 1467 582 1537 ,ἀκούειν
607 1466 836 1555 ὑπομένοντες.
873 1475 971 1559 γέρας
996 1470 1034 1537 δὲ
1053 1476 1112 1558 τής
1133 1477 1258 1557 πικρᾶς

221 1573 345 1658 ταύτης
364 1568 476 1652 αὑτοῖς
498 1572 658 1657 περιόδου
679 1569 719 1640 τὸ
741 1570 899 1662 φορτικόν
921 1571 1023 1640 ἐκεῖνο
1047 1573 1181 1640 δεῖπνον
1197 1575 1258 1641 καί

89 1684 92 1693 ’
222 1679 356 1744 πολλῶν
378 1674 484 1743 α’ίτιον
506 1680 696 1762 συμφορῶν,
724 1672 758 1742 ἐν
784 1666 811 1763 ᾧ
837 1676 931 1744 πόσα
955 1676 1015 1759 μέν
1041 1673 1255 1763 ἐμφαγόντες,

222 1777 315 1845 πόσα
334 1778 370 1844 δέ
388 1775 480 1865 παρὰ
496 1777 626 1865 γνῶμην
644 1775 832 1861 ἐμπιόντες,
856 1778 949 1845 πόσα
967 1778 1003 1845 δέ
1021 1767 1067 1844 ῶν
1084 1773 1142 1843 οὑκ
1160 1776 1257 1867 ἐχρῆν

223 1876 492 1967 ἀπολαλήσαντες
509 1876 530 1968 ή
542 1881 751 1968 μεμφόμενοι
763 1878 802 1948 τὸ
815 1883 1001 1948 τελευταῖον
1015 1876 1036 1968 ή
1051 1880 1259 1968 δυσφοροῦν-

221 2007 278 2062 τες
299 1979 439 2050 όιπίαοιν
460 1979 481 2070 ή
505 1982 737 2068 διαβάλλοντες
756 1980 796 2050 τό
820 1983 953 2050 δεῖπνον
974 1978 1107 2071 ἢύβριν
1125 1986 1180 2051 καὶ
1197 2009 1258 2068 μι-

222 2087 394 2172 κρολογίαν
421 2083 636 2172 ἐγκαλοῦντες.
671 2084 809 2173 πλήρεις
835 2086 871 2152 δέ
898 2082 1005 2152 αὐτῶν
1031 2083 1195 2171 ἐμούντων
1220 2085 1258 2154 σί

223 2191 389 2258 στενωποί
413 2184 577 2275 καὶπρὸς
597 2200 669 2267 τοῖς
688 2193 945 2274 χαμαιτυπείοις
964 2192 1171 2273 μαχομένων·
1198 2191 1258 2257 καί

222 2287 300 2377 μεθ’
328 2287 452 2378 ἡμέραν
481 2289 516 2356 σί
539 2293 690 2370 πλείονες
715 2286 823 2359 αὑτῶν
849 2294 1101 2371 κατακλιθέντες
1127 2290 1257 2381 ἰατροῖς
1350 2298 1351 2303 ’

222 2398 423 2479 παρέχουσιν
440 2389 595 2482 ἀφορμὰς
612 2393 793 2481 περιόδων·
817 2392 899 2461 ἐνισι
914 2394 974 2479 μέν
990 2391 1067 2481 γὰρ,
1085 2392 1124 2461 τὸ
1142 2395 1258 2462 καινό·

175 2516 208 2566 νε
225 2520 333 2577 ταεον,
353 2488 431 2562 οὑδὲ
446 2508 554 2564 νοσεῖν
571 2497 795 2578 σχολάζουσιν.
827 2493 890 2584 ἐγὼ
903 2500 1016 2581 μέντοι
1029 2520 1066 2583 γε
1083 2494 1170 2563 πολὺ
1187 2503 1257 2564 τῶν

221 2600 484 2684 κολακευομένων
502 2596 737 2687 ἐξωλεστέρους
753 2597 830 2678 τοὺς
843 2600 983 2678 κόλακας
995 2595 1178 2688 ὑπείληφα,
1197 2601 1256 2667 καί

223 2699 338 2784 σχεδὸν
353 2698 472 2780 αύτούς
486 2700 620 2780 ἐκείνοις
632 2705 868 2770 καθίστασθαι
879 2707 937 2789 τῆς
955 2697 1183 2790 ὑπερηφανίας
1199 2702 1256 2768 αἰ-

221 2808 329 2882 τίους·
356 2798 519 2892 ὅτανγὰρ
541 2800 650 2871 αὑτῶν
669 2800 728 2889 τήν
748 2810 942 2891 περιουσίαν
964 2804 1171 2889 θαυμάσωσι
1196 2806 1255 2872 καί

222 2903 280 2974 τὸν
299 2903 420 2993 χρυσὸν
442 2903 643 2973 ἐπαινέσωσι
663 2907 719 2972 καί
736 2903 813 2986 τοὺς
830 2908 984 2986 πυλῶνας
1002 2905 1109 2975 ἐωθεν
1126 2905 1255 2995 ἐμπλή-

222 3031 309 3076 σωσι
326 3009 381 3074 καί
398 3008 621 3103 προελθόντες
640 3001 753 3094 ῶσπερ
776 3006 942 3088 δεσπότας
963 3013 1190 3095 προσείπωσι,
1206 3014 1253 3078 Ιτί

222 3113 278 3179 καὶ
291 3111 466 3200 φρονήσειν
479 3109 620 3190 ἐκείνους
634 3110 721 3190 εἰκός
734 3109 840 3194 ἐστιν,·
856 3110 887 3177 εἰ
901 3112 938 3179 δέ
948 3135 986 3199 γε
998 3117 1096 3199 κοινῷ
1111 3111 1254 3199 δόγματι

221 3210 282 3283 κόν
299 3213 384 3300 πρὸς
403 3210 511 3302 ὀλίγον
529 3210 712 3295 ὑπέσχοντο
726 3213 825 3301 τῆσδε
836 3216 896 3300 τῆς
907 3212 1156 3297 έθελοδουλίας,
1193 3210 1254 3283 οὑκ

222 3312 263 3385 ἂν
295 3316 359 3389 οἴει
383 3313 572 3385 τούναντίον
599 3312 719 3395 αὑτούς
746 3312 857 3384 ἐλθεῖν
883 3315 941 3385 ἐπί
965 3315 1026 3397 τὰς
1051 3318 1161 3408 θύρας
1185 3324 1253 3385 τῶν

222 3426 364 3503 πτωχῶν
390 3420 565 3505 δεομένους
586 3415 665 3497 τούς
684 3419 880 3500 πλουσίους,
906 3417 952 3508 μή
974 3416 1121 3488 όθέατον
1143 3415 1253 3487 αὑτῶν

221 3518 299 3609 μηδ’
312 3519 498 3610 ἀμάρτυρον
510 3518 568 3609 τήν
581 3517 791 3605 εὐδαιμονίαν
802 3523 995 3590 καταλιπεῖν
1006 3518 1084 3610 μηδ
1096 3518 1254 3608 ἀνόνητόν

221 3647 258 3691 τε
274 3624 332 3693 καί
347 3619 508 3712 όχρηστον
524 3630 590 3693 τῶν
606 3624 777 3713 τραπεζῶν
793 3621 832 3692 τὸ
849 3624 969 3705 κάλλος
988 3626 1045 3693 καί
1063 3629 1132 3691 τῶν
1153 3624 1253 3691 σ’ίκων

221 3723 261 3795 τὸ
277 3724 441 3814 μέγεθος,·4
456 3723 494 3794 οὑ
511 3723 574 3817 γὰρ
587 3721 674 3794 οὑτω
688 3732 748 3794 τοῦ
761 3729 916 3796 πλουτεῖν
928 3724 1048 3817 ἐρῶσα
1062 3723 1110 3806 ῶς
1120 3732 1179 3794 τού
1195 3723 1255 3795 διὰ

221 3825 261 3897 τὸ
282 3831 438 3897 πλουτεῖν
460 3825 760 3915 εὐδαιμονίζεσθαι.
795 3832 851 3897 καί
871 3825 958 3897 οὑτω
981 3827 1021 3918 δή
1044 3827 1123 3913 ἔχει,
1149 3829 1253 3917 μηδὲν

222 3926 346 4020 ὄφελος
362 3926 447 4000 εἶναι
461 3934 681 4021 περικαλλοῦς
699 3932 805 4013 οἰκίας
815 3936 864 4019 τῷ
876 3929 1020 3999 οίκούντι
1032 3932 1116 4019 μηδὲ
1126 3934 1252 4021 χρυσοῦ

222 4036 277 4103 καὶ
295 4031 485 4125 ἐλέφαντος,
505 4034 535 4104 εί
544 4034 591 4124 μή
603 4060 656 4116 τις
668 4032 752 4105 αὑτὰ
763 4032 943 4121 θαυμάζοι.
972 4031 1066 4126 ἐχρῆν
1079 4024 1136 4104 οὑν
1147 4031 1252 4123 ταύτῃ
