2752 4632
219 255 285 321 206
604 266 860 323 ΔΟΥΚΙΑΝΟΥ

220 377 278 442 καὶ
294 373 335 443 σὺ
351 373 466 460 βάλλε,
494 363 523 440 ὦ
538 372 693 441 Πλάτων·
718 375 774 440 καὶ
792 370 847 456 σὺ,
871 364 901 441 ὦ
917 374 1112 461 Χρύσιππε,
1140 376 1195 445 καὶ
1213 373 1255 446 σδ

168 488 177 508 ’
222 475 270 546 δέ.
305 477 429 556 πάντες
445 471 516 561 ἅμα
524 481 787 602 συνασπίσωμεν
805 472 856 544 ἐπ’
873 473 981 559 αὐτὸν,

317 574 362 658 ὥς
378 579 468 669 πόει
485 578 634 668 σύειον
652 575 768 707 ἆιήιιρ
786 578 967 701 βάριαδὲ
983 578 1149 669 βάκτροις

221 703 329 760 κοινος
340 706 403 768 γαρ
412 683 587 766 πολέμιος
604 678 707 750 καλ
670 702 729 749 ουκ
741 683 829 749 εστιν
839 705 949 750 οντινα
957 678 1049 767 ομων
1059 678 1117 766 οιιχ
1121 679 1253 775 ύβρικε.

223 780 262 851 σὺ
285 783 335 864 δὲ,
363 773 392 850 ὦ
412 782 579 869 Διόγενες,
607 782 641 853 εἴ
658 807 742 852 ποτε
762 786 816 852 καλ
838 782 968 867 ἄλλοτε,
993 789 1063 874 χρῶ
1084 789 1132 873 τῷ
1155 786 1254 874 ξύλῳ,

221 881 342 975 μηδὲ’
323 890 433 973 ανῆτε·
456 883 628 953 διδότω
595 912 653 974 την
670 882 727 967 όιξί
726 912 765 953 αν
780 884 1026 975 βλύσφημος”
996 913 1052 954 ων.
1087 892 1123 955 τί
1138 894 1256 973 ταύτας

221 984 412 1074 κεκμήκατε,
448 1012 476 1054 ω
461 977 984 1101 ἙίπίκοιιρεκαλΑρίστιππες
1018 987 1167 1078 καὶμὴν
1198 987 1257 1058 οὐκ

296 1186 440 1280 όινέρες”
421 1215 508 1275 εστε,
528 1193 644 1281 σοιμολ,
662 1190 838 1281 μνήσασθε
850 1192 887 1260 δὲ
899 1188 1091 1279 θοόριδος’
1073 1197 1180 1283 οργῆς.
1247 1216 1250 1229 ·

189 1287 453 1382 εΑριστότελες,
473 1292 724 1363 ἐπισπούδασον
743 1292 792 1362 ότι
808 1300 945 1364 θᾶττον.
979 1286 1113 1379 εὖέχει·
1132 1294 1257 1363 ἑάλωκε

180 1424 184 1432 ·
222 1393 262 1463 τὸ
287 1401 423 1484 θηρίον·
449 1396 629 1486 εἰλήφαμέν
654 1420 705 1478 σε,
734 1386 762 1463 ὦ
786 1401 895 1487 μιαρέ.
936 1397 1008 1486 ε’ίση
1033 1403 1111 1485 γοῦν
1138 1394 1258 1465 αὐτίκα

224 1492 376 1578 οὕστινας
393 1493 490 1578 όντας
510 1494 596 1586 ἡμᾶς
618 1496 833 1623 ἐκακηγόρεις.
867 1505 916 1586 τῷ
932 1499 1049 1587 τρόπῳ
1073 1500 1110 1567 δέ
1125 1525 1177 1579 τις
1195 1497 1258 1567 αό-

222 1599 280 1668 τὸν
297 1602 354 1666 καὶ
369 1604 532 1691 μετέλθῃ,·
557 1603 709 1671 ποικίλον
725 1600 788 1690 γάρ
809 1626 884 1668 τινα
906 1600 1088 1686 ἐπινοῶμεν
1105 1601 1257 1670 θάνατον

222 1697 291 1769 κατ’
308 1698 409 1771 αότοῦ
426 1709 530 1772 πᾶσιν
543 1699 620 1793 ἡμῖν
634 1700 805 1792 ἐξαρκέσαι
818 1703 1009 1798 δαιόμενον·
1026 1700 1138 1772 καθ’”
1120 1728 1257 1772 εκαστον

222 1809 303 1893 γοῦν
320 1805 446 1885 δίκαιός
465 1802 588 1874 ἔστιν
569 1817 646 1894 ημῖν
664 1802 881 1873 όιπολωλέναι.

276 1921 502 1980 ΦΙΑΟΣΟΦΟΣ
527 1922 561 1979 Α
601 1904 694 1992 Ἐμολ
718 1907 777 1993 μέν
808 1902 1082 1998 ανασκολοπισθν
1082 1932 1138 1977 ναι
1165 1909 1261 1977 δοκεῖ

225 2006 346 2078 αὐτόν.

277 2127 351 2182 ΦΙΔ.
369 2127 402 2182 Β.
440 2107 492 2198 Νὴ
509 2117 589 2193 Δία,
608 2117 863 2200 μαστιγωθέντα
877 2137 927 2200 γε
932 2113 1104 2203 πρότερον.

223 2229 352 2284 ’.ΦΙΔ
368 2229 400 2284 Γ.
442 2210 525 2294 Τοὺς
543 2211 745 2340 ὀφθαλμοὺς
760 2212 962 2301 ἐκκεκόφθαι.

276 2330 352 2385 ΦΙΛ.
371 2330 405 2385 Δ
451 2313 513 2405 Τὴν
533 2319 680 2405 γλῶτταν
706 2314 805 2406 αὐτὴν
817 2314 918 2385 πολὺ
944 2315 1106 2406 πρότερον
1132 2313 1258 2386 ἆποτε·

224 2417 378 2504 τμήσθω.

275 2535 357 2591 ΣΩΚ
395 2521 512 2590 Σολδὲ
526 2526 574 2606 τί,
590 2518 833 2607 Ἐμπεδόκλεις,
853 2521 960 2605 δοκεῖς

274 2637 364 2694 ΕΜΠ.
395 2618 446 2702 Ες
461 2621 541 2704 τοὺς
556 2630 719 2712 κρατῆρας
736 2623 891 2709 ἐμπεσεῖν
908 2621 1022 2707 αὗτὸν,
1041 2619 1195 2713 ὥςμόθῃ
1209 2622 1257 2714 μὴ

224 2724 457 2814 λοιδορεῖσθαι
473 2739 545 2806 τοῖς
560 2731 735 2813 κρείττοσι.

275 2841 386 2900 ΠΛΑΤ.
420 2831 487 2896 Καὶ
507 2826 571 2918 μὴν
592 2853 726 2921 αριστον
747 2819 786 2917 ἦν
806 2828 963 2916 καθάπερ
985 2823 1258 2897 τινδι’Πενθέα“
1234 2855 1256 2917 η

221 2923 338 3017 Ὀρφέα

386 3030 539 3101 λακιστὸν
557 3032 590 3102 έν
607 3038 780 3121 πέτροισιν
798 3029 957 3121 εδρέσθαι
973 3033 1096 3120 μόρον,

224 3130 279 3200 ἵνα
295 3131 401 3199 καὶ
367 3159 407 3202 το
424 3139 525 3224 μέρος
542 3130 642 3203 αότοῠ
661 3135 797 3215 ἕκαστος
814 3134 895 3218 ἔχων
913 3132 1150 3223 ἀπηλλάττετο.

190 3232 216 3307 θ’
274 3250 386 3306 ΛΟΥΚ.
421 3238 605 3324 Μηδαμῶς·
624 3234 708 3304 ἀλλὰ
725 3235 811 3326 πρὸς
830 3237 914 3305 λκεσλ
900 3242 962 3304 λον
970 3258 1014 3326 φε
1016 3241 1141 3304 ίσασθέ
1156 3260 1233 3321 μον.

274 3351 357 3408 ΣΩΚ
392 3333 536 3429 Αραρεν·
568 3335 628 3407 ούκ
640 3365 689 3407 αν
706 3337 833 3465 ἇφεθεί
833 3365 870 3428 ης
820 3332 1004 3407 λύει.
984 3345 1064 3429 ορᾷς
1086 3338 1125 3407 δὲ
1141 3337 1180 3427 δὴ
1196 3340 1258 3408 κοιλ

156 3468 161 3481 ·
220 3436 281 3508 τὸν
294 3435 472 3531 Ὅμηρον“
448 3467 471 3508 α
458 3462 603 3569 νφησιν,

318 3540 365 3623 ὦς
382 3540 440 3612 οὖκ
458 3541 529 3613 εστι
545 3542 664 3612 λέουσι
674 3545 730 3612 καλ
747 3527 945 3633 όνδρασιν
921 3567 1017 3630 ορκια
1033 3541 1156 3626 πιστά,-

276 3660 388 3719 ΔΟΥΚ.
421 3643 545 3714 Καὶ
504 3672 568 3735 μην
583 3644 662 3714 καθ’
673 3642 843 3739 ομρρον’
825 3671 957 3735 ομας
921 3642 1031 3713 καλ’
991 3643 1091 3725 αυτὸς
1105 3642 1257 3712 ἱκετεύω·

226 3747 461 3818 αἰδέσεσθε
424 3775 486 3841 γαρ
509 3750 591 3832 ι’σως
611 3747 654 3820 τὰ
676 3749 739 3840 ε’πη
766 3753 822 3820 καὶ
847 3740 886 3851 οό
908 3749 1113 3839 παρόψεσθε
1135 3748 1259 3838 ῥαψῳ-

226 3849 371 3940 δήσαντά
388 3870 446 3936 με
515 3888 521 3897 ·

312 3950 456 4045 ζωγρεῖτ’
470 3950 510 4024 ού
526 3952 625 4025 κακδν
640 3950 746 4043 ἄνδρα
760 3959 818 4024 καὶ
834 3951 913 4038 ἄξια
926 3947 1064 4038 δέχθε”
1040 3975 1175 4032 απσινα,

308 4057 428 4141 χαλκόν
438 4078 476 4127 τι
486 4058 608 4149 χρυσόν
619 4082 670 4141 τε,
687 4056 731 4126 τὰ
744 4056 783 4148 δὴ
796 4062 951 4149 φιλέουσι
964 4061 1068 4147 σοφοί
1078 4077 1153 4144 περ.
