2752 4632
229 220 298 286 252
510 232 517 253 ¹
618 228 875 288 ΛΟΥΚΙΑΝΟΥ

231 337 418 426 δειπνήσειν
435 335 477 405 τὰ
494 338 670 426 προτέλεια
686 343 744 425 τῆς
756 336 936 425 μελλούσης
949 342 1134 417 συνουσίας.
1157 333 1259 420 amc

233 431 289 508 σύν
306 440 463 525 πρόσεισι
481 442 714 527 παραγγέλλων
730 465 781 518 τις
798 434 886 527 ἥκειν
905 438 962 507 ίπί
979 438 1018 507 τὸ
1035 440 1180 523 δεῖπνον,
1200 439 1261 510 οῦκ

232 539 426 628 ἀνομίλητος
448 540 586 630 οἰκέτης,
615 539 651 608 δν
671 539 731 629 χρὴ
759 547 891 630 πρῶτον
912 542 1009 609 ἵλεων
1034 542 1259 630 ποιήσασθαι,

231 644 471 732 παραβύσαντα
493 642 527 723 ἐς
546 642 605 732 τὴν
624 656 733 728 χεῖρα,
762 638 808 723 ὥς
823 641 868 731 μὴ
891 641 1024 726 ἀδέξιος
1045 640 1129 712 εἰναι
1151 646 1258 735 δοκῇς,

229 741 444 828 τούλάχιστον
457 750 554 812 πέντε
568 746 728 833 δραχμάς·
746 741 766 813 δ
781 745 818 812 δὲ
831 741 1045 830 ἀκκισάμενος
1053 749 1119 826 καί,
1138 742 1257 834 ἄπαγε,

230 846 324 934 παρὰ
343 854 403 915 σοῦ
422 847 458 914 δὲ
476 845 557 934 ἐγκό;
582 851 650 928 καλ,
676 843 841 935 Ἡράκλεις
856 845 901 934 μὴ
925 851 1065 932 γένοιτο,
1080 845 1257 932 ύπειπιὺν,

170 1019 174 1027 ,
230 954 325 1030 τέλος
349 949 508 1037 ἐπείσθη,
535 952 592 1016 καί
617 947 735 1033 ἄπεισί
761 974 816 1017 σοι
840 948 948 1016 πλατύ
974 948 1130 1035 ἐγχανών·
1158 948 1197 1018 σὺ
1224 947 1257 1018 δ’

201 1064 203 1071 “
231 1055 360 1143 ἐσθῆτα
372 1050 524 1139 καθαρὰν
533 1050 825 1139 προχειρισάμενος
835 1053 891 1117 καὶ
903 1048 1043 1119 σεαυτὸν
1055 1049 1101 1132 ιδς
1113 1052 1259 1137 κοσμιώ-

229 1183 315 1226 τατα
337 1160 539 1242 σχηματίσας
561 1153 762 1237 λουσάμενος
783 1148 871 1240 ἥκεις
894 1151 1011 1233 δεδιιύς
1031 1152 1078 1241 μὴ
1097 1151 1167 1243 πρὸ
1192 1158 1258 1223 ταλν

230 1255 338 1327 ἀλλων
355 1255 510 1344 ἀφίκοιο,
525 1251 745 1343 ἀπειρόκαλον
761 1252 837 1341 γὰρ,
858 1251 972 1343 ὥσπερ
989 1258 1044 1322 καὶ
1061 1253 1101 1324 τὸ
1118 1251 1258 1325 ύοτατον

228 1357 318 1449 ἥκειν
335 1358 502 1447 φορτικόν.
538 1353 618 1424 αάτὸ
642 1348 864 1444 ούντηρήσας
880 1354 920 1424 τὸ
937 1361 1038 1441 μέσον
1058 1365 1119 1426 τοῦ
1139 1366 1258 1448 καιροῦ

229 1460 455 1549 εἰσελήλυθας,
474 1465 531 1526 καί
546 1482 585 1528 σε
602 1458 690 1526 πάνυ
709 1457 846 1544 ἐντίμως
858 1458 1017 1542 ἐδέξαντο,
1034 1463 1093 1528 καί
1105 1464 1259 1550 παραλα-

166 1583 167 1587 ’
227 1565 298 1651 βιόν
317 1588 370 1642 τις
390 1563 553 1630 κατέκλινε
573 1558 689 1648 μικρὸν
712 1557 796 1646 ὑπὲρ
818 1567 876 1628 τοῦ
902 1565 1064 1639 πλουσίου
1090 1562 1175 1649 μετὰ
1194 1564 1257 1634 δύο

177 1689 211 1740 ιε
228 1691 295 1735 που
320 1663 434 1747 σχεδὸν
454 1671 519 1731 τῶν
541 1666 695 1730 παλαιῶν
720 1665 836 1751 φίλων.
881 1661 921 1731 σύ
949 1660 980 1730 δ’
997 1660 1111 1754 ὥσπερ
1137 1664 1173 1744 ἐς
1197 1666 1256 1743 Ιτού

225 1767 310 1848 Διὸς
322 1767 384 1835 ’τὸν
401 1764 489 1835 οἰκον
506 1763 688 1854 παρελθών
700 1764 811 1832 πάντα
822 1766 1043 1851 τεθαύμακας.
1050 1769 1106 1834 καὶ
1118 1765 1170 1858 ἐφ’
1182 1767 1257 1836 ἑκά

229 1895 297 1959 στω
319 1876 385 1938 τῶν
411 1872 642 1955 πραττομένων
668 1872 832 1956 μετέωρος
858 1865 902 1934 εἰ·
931 1871 1006 1949 ξένα
1031 1869 1094 1956 γάρ
1120 1894 1176 1938 σοι
1202 1874 1257 1939 καί

229 1970 380 2060 ἀγνωστα
397 1973 521 2043 πάντα
548 1974 604 2037 καί
624 1966 647 2059 ἥ
667 1994 704 2036 τε
722 1969 861 2037 οἰκετεία
883 1969 917 2050 ές
938 1972 975 2039 σέ
998 1967 1185 2056 ἀποβλέπει
1200 1975 1256 2042 καί

227 2082 295 2143 τῶν
316 2073 489 2159 παρόντων
511 2073 646 2153 ἕκαστος
668 2067 688 2139 ό
709 2099 742 2139 τι
764 2073 901 2158 πράξεις
928 2071 1153 2163 ἐπιτηροῦσιν,
1182 2072 1253 2143 οὐδ’
1356 2120 1357 2125 1

230 2175 320 2265 αύτῷ
335 2177 371 2243 δὲ
385 2174 501 2260 ἀμελὲς
513 2180 560 2262 τῷ
573 2177 723 2261 πλουσίῳ
741 2181 848 2256 τοῦτο,
869 2172 953 2242 ἀλλὰ
966 2178 1024 2242 καλ
1033 2182 1180 2262 προεῖπέ
1187 2202 1255 2246 τισι

158 2312 160 2315 ’
226 2286 293 2348 τῶν
313 2279 446 2346 οἰκετῶν
465 2277 657 2344 ἐπισκοπεῖν
671 2276 705 2355 ἰς
720 2276 798 2355 τοὺς
815 2278 940 2357 παῖδας
957 2273 978 2366 ἢ
996 2276 1030 2357 ἐς
1045 2276 1104 2367 τὴν
1120 2292 1255 2366 γυναῖκα

227 2382 259 2449 εἰ
267 2382 427 2459 πολλάκις
440 2378 474 2445 ἐκ
488 2384 661 2466 περιωπῆς
674 2372 894 2465 ἀποβλέψεις·
914 2379 947 2447 οἰ
959 2381 1016 2464 μέν
1030 2379 1092 2467 γὰρ
1102 2387 1171 2449 ’τῶν
1179 2405 1255 2449 συν-

228 2484 369 2551 δείπνων
379 2478 561 2549 ἀκόλουθοι
570 2477 709 2570 δρῶντες
719 2471 980 2568 ἰκπεπληγμένδν
993 2481 1026 2562 ἐς
1035 2480 1255 2572 τὴυάπειρίαν

224 2592 291 2653 τῶν
302 2586 475 2674 δρωμένων
486 2580 748 2651 ἀποσκώπτουσι
756 2584 929 2672 τεκμήριον
937 2585 1133 2669 ποιούμενοι
1141 2592 1201 2654 τού
1210 2585 1253 2675 μὴ

225 2684 305 2777 παρ’
315 2685 405 2775 ἀλλην
424 2685 585 2774 πρότερόν
604 2710 641 2752 σε
660 2687 904 2773 δεδειπνηκέναι
920 2689 977 2753 καὶ
993 2685 1157 2756 τὸκοινόν
1171 2685 1256 2757 εἶναί

227 2814 283 2858 σοι
300 2788 338 2856 τὸ
354 2790 589 2878 χειρόμακτρον
606 2793 790 2872 τιθέμενοι·
819 2783 935 2878 ὥσπερ
952 2779 1009 2857 ούν
1030 2787 1131 2871 εἰκὸς,
1160 2789 1256 2858 ἰδίειν

225 2917 262 2960 τε
284 2889 405 2978 ἀνάγκη
427 2887 482 2957 ὑπ’
499 2889 643 2977 ἀπορίας
669 2893 724 2956 καὶ
749 2892 832 2978 μήτε
859 2890 1011 2977 διψῶντα
1036 2904 1126 2960 πιεῖν
1152 2892 1256 2960 αἰτεεν

225 2995 358 3077 τολμᾶν,
377 2990 421 3082 μὴ
441 2993 539 3082 δόξης
556 2992 715 3078 οἰνόφλυξ
730 3017 781 3071 τις
794 2988 886 3074 εἰναι,
905 2994 989 3081 μήτε
999 2999 1066 3063 τῶν
1079 2992 1175 3081 ὄψων
1187 3021 1256 3063 πω

225 3100 430 3182 ρατεδέντων
448 3098 607 3163 ποικίλων
624 3097 678 3162 καὶ
700 3095 787 3183 πρός
806 3121 881 3162 τινα
897 3096 990 3177 τάξιν
1012 3094 1253 3182 ἐσκευασμένων

226 3199 349 3266 εἰδέναι
371 3193 421 3286 ἐφ’
438 3192 459 3264 ό
479 3224 513 3264 τι
534 3202 668 3283 πρῶτον
692 3192 715 3284 ἢ
742 3197 891 3287 δεύτερον
912 3196 970 3286 τὴν
995 3209 1090 3284 χεῖρα
1112 3197 1255 3288 ἰνέγοιης·

225 3297 428 3385 ὑποβλέπειν
450 3290 508 3366 ούν
530 3297 564 3378 ἐς
588 3298 646 3365 τόν
671 3303 812 3388 πλησίον
838 3301 949 3389 δεήσει
971 3297 1117 3370 κάκεῖνον
1139 3302 1255 3388 ζηλοῦν

173 3425 208 3476 16
224 3406 280 3471 καί
297 3402 479 3488 μανθάνειν
496 3408 554 3468 τοῦ
574 3403 709 3470 δείπνου
730 3400 789 3489 τὴν
810 3400 1025 3472 ἀκολουθίαν.
1059 3400 1102 3471 τὰ
1121 3399 1153 3470 δ’
1169 3399 1256 3471 ἀλλα

224 3510 377 3587 ποικίλος
393 3502 425 3574 εἰ
440 3509 495 3572 καὶ
512 3505 663 3590 θορύβου
682 3506 792 3583 πλέως
808 3502 865 3592 τὴν
882 3505 1003 3593 ψυχὴν,
1027 3504 1114 3594 πρὸς
1131 3504 1256 3574 &aava

222 3617 289 3679 τῶν
307 3613 541 3697 πραττομένων
558 3606 831 3694 ἐκπεπληγμένος,
855 3610 910 3674 καὶ
928 3605 1005 3693 ἀρτι
1020 3609 1083 3692 μὲν
1097 3604 1256 3694 εῦδαιμο-

223 3702 321 3794 νίζεις
342 3710 400 3779 τὸν
419 3710 581 3778 πλούσιον
602 3712 661 3779 τού
684 3716 807 3798 χρυσοῦ
833 3712 967 3778 καὶτοῦ
995 3708 1172 3800 ἐλέφαντος
1195 3714 1255 3778 καί

224 3822 283 3901 τῆς
299 3813 461 3902 τοσαύτης
477 3818 617 3901 τρυφῆς,
637 3808 714 3900 άρτι
732 3812 767 3879 δέ
785 3811 956 3900 οἰκτείρας
973 3809 1124 3895 σεαυτὸν,
1149 3808 1197 3893 ὥς
1211 3809 1254 3881 τδ

223 3918 324 4002 μηδέν
342 3913 388 3983 οῦν
402 3913 477 4006 εἰτα,
491 3917 546 4005 ζῆν
563 3911 817 3999 ἀπολαμβάνεις,
837 3913 940 3982 ἐνίοτε
954 3916 990 3982 δέ
1003 3912 1132 3983 κάκεῖνο
1147 3904 1255 4003 εἰσέρ·

164 4064 168 4071 -
187 4030 193 4037 '
220 4023 316 4102 χεταί
333 4043 379 4099 σε,
400 4014 445 4098 ὥς
463 4017 604 4106 ζηλωτόν
617 4040 690 4107 τινα
701 4017 810 4106 βιούση
823 4013 880 4085 τὸν
891 4022 965 4103 βίον
978 4012 1105 4087 άπασιν
1118 4015 1254 4096 ἐκείνοις
