2744 4622
222 236 301 309 1234
486 284 490 291 -
621 249 877 306 Δουιωλοου

285 375 372 430 ΜΕΓ.
408 355 519 425 Πάλαι
535 360 640 424 ταῦτα
657 352 816 443 ηάχόμην·
833 356 902 422 νυνὶ
920 350 951 421 δ’
966 349 1035 444 ἀραί
1051 352 1091 423 τὸ
1103 357 1248 441 βέλτιον.

285 476 396 533 me
423 454 513 541 Ἥξει
528 454 677 539 κάκεῖνός
694 480 750 526 σοι
765 451 834 542 μα’
851 452 960 545 ὀλίγον
980 453 1049 525 ἀπὸ
1070 464 1131 525 τοῦ
1147 461 1272 528 νεωστί

234 564 466 651 βασιλεύοντος
484 558 691 651 ἀνῃρημένος.

184 688 216 738 11
285 681 372 737 ΜΕΓ.
410 661 531 733 Οάκοῦν
544 660 629 731 ἀλλὰ
641 661 739 732 τοῦτό
751 657 846 753 γεμὴ
861 651 1059 813 ἀντείπῃς
1030 687 1058 729 ω
1070 661 1184 751 Μοῖρά
1194 688 1268 748 μοι.

285 783 397 840 me.
436 765 479 835 Τὸ
497 779 613 849 ποῖονς

284 886 372 942 ΜΕΓ.
409 868 546 938 Είόίναι
564 865 786 955 βούλομαι
748 893 792 936 τα
812 858 881 953 μετ’
900 806 1001 952 έμέ”
979 891 1092 936 οντινα
1116 865 1243 950 ἕξει
1207 895 1268 937 τον

231 974 370 1062 τρόπον.

283 1090 395 1146 ΚΔΩΘ.
417 1069 541 1143 Ἄκουε·
558 1070 731 1159 μαλλον
694 1098 756 1160 γαρ
771 1068 890 1161 ἀνιάσῃ
901 1070 1035 1157 μαθών.
1065 1052 1124 1160 τὴν
1135 1071 1268 1162 μὲνγά-

232 1186 375 1247 ναῖκαΜ
372 1168 476 1257 ίόαςὸ
492 1178 608 1257 δοῦλος
626 1175 704 1258 εξει,
724 1176 781 1242 καί
796 1173 904 1243 πάλαι
921 1170 1014 1241 δὲ’
975 1169 1075 1261 αυτὴν
1089 1172 1266 1258 ἐμοίχευεν.

219 1282 221 1285 ’
284 1294 372 1350 ΜΕΓ.
403 1276 433 1348 ‘0
458 1302 654 1366 κατάρατος,
670 1275 724 1366 1ὃν
746 1273 810 1364 έγώ
836 1276 1024 1361 πιθόμενος
1048 1272 1129 1366 αὐτῇ
1152 1274 1267 1366 ἀφῆκα

233 1381 420 1471 ἐλεύθερον.
718 1422 721 1427 >

284 1498 396 1553 ΚΛΩΘ.
426 1477 466 1550 Ἦ
488 1481 638 1569 θυγάτηρ
665 1478 704 1548 όέ
725 1503 781 1548 σοι
806 1491 880 1560 ταῖς
905 1480 1086 1548 παλλακίσι
1108 1485 1168 1547 τοῦ
1195 1482 1267 1549 νυνί

231 1590 465 1672 τυραννοῦντος
483 1582 789 1672 έγκαταλιγήσεται·
807 1581 930 1661 εἰκόνος
946 1582 984 1649 δέ
995 1583 1051 1649 καλ
1064 1577 1264 1671 ἀνδριάντες,

233 1686 292 1767 οὓς
308 1684 328 1774 ἡ
346 1687 445 1766 πόλις
463 1682 620 1772 ἀνέστησέ
637 1710 692 1753 σοι
708 1685 828 1766 πάλαι,
846 1685 969 1764 πάντες
986 1680 1267 1774 ἀνατετραμμένοι

232 1791 362 1876 γέλωτά
378 1788 561 1875 παρέξουσι
577 1799 649 1867 τοῖς
666 1792 860 1871 θεωμένους.

282 1905 370 1961 ΜΕΓ.
407 1889 497 1957 Εἰπέ
510 1913 585 1973 μοι,
611 1893 678 1956 τῶν
695 1890 802 1977 φίλων
820 1889 856 1956 δὲ
874 1884 983 1969 οὐδεὶς
1001 1884 1178 1976 ἀγανακτεῖ
1191 1901 1265 1972 τοῖς

232 1994 428 2080 όρωμένοιςς
572 2054 575 2059 .

281 2110 393 2165 me.
431 2099 486 2173 Τίς
502 2090 564 2183 γὰρ
582 2082 622 2181 ἦν
640 2115 695 2161 σοι
713 2095 827 2182 φίλος,·
847 2088 871 2181 ἢ
888 2089 923 2159 όν
939 2097 1027 2171 τίνος
1045 2092 1155 2172 αἰτίας
1170 2093 1264 2180 γενό-

229 2221 344 2282 μενοςς
367 2192 496 2284 ἀγνοεῖς
514 2190 568 2263 ὅτι
584 2195 706 2276 πάντες
725 2195 758 2262 οἱ
774 2198 829 2263 καὶ
845 2201 1104 2284 προσκυνοῦντες
1124 2197 1262 2264 καὶτῶν

228 2301 412 2384 λεγομένων
428 2299 485 2364 καί
502 2303 737 2385 πραττομένων
752 2297 875 2366 ἕκαστα
896 2294 1146 2377 ἐπαινοῦντες
1124 2326 1144 2386 η
1156 2298 1260 2422 φόβῃ

230 2427 251 2488 η
235 2396 384 2468 ἐλπίσι
400 2405 483 2466 ταῦτ
480 2394 665 2487 ’ἔδρων
626 2426 684 2486 της
702 2396 802 2488 ἀρχῆς
815 2396 906 2479 ὄντες
919 2406 961 2489 φί
947 2402 1013 2468 ίλοι
1030 2403 1086 2468 καὶ
1098 2399 1189 2490 πρὸς
1204 2399 1261 2469 τὸν

227 2499 345 2589 καιρὸν
362 2498 628 2587 ἀποβλέποντεςς

222 2624 227 2631 “
279 2619 366 2675 ΜΕΓ.
401 2601 547 2692 Καλμην
565 2604 759 2683 σπένδοντες
776 2602 810 2673 έν
825 2616 898 2684 τοῖς
919 2608 1121 2689 συμποσίοις
1135 2604 1258 2694 μεγάλῃ

227 2713 269 2796 τῇ
287 2713 382 2797 φωνῇ
400 2706 580 2795 ἐπηύχοντό
597 2731 657 2792 μοι
669 2703 781 2774 πολλὰ
793 2709 848 2773 καὶ
862 2703 986 2794 ἀγαθά,
1004 2713 1259 2796 προαποθανεῖν

228 2803 366 2888 ἕναάτος
389 2796 496 2877 αὐτῶν
519 2808 651 2893 ἕτοιμος
664 2804 733 2889 «τόν,
762 2807 794 2875 εἰ
815 2804 887 2878 οίόν
907 2832 943 2876 τε
964 2804 1063 2891 εἶναι,
1090 2813 1146 2878 καὶ
1162 2805 1257 2892 ὅλως,

228 2904 327 2999 άρκος
345 2906 459 2990 αάτοῖς
480 2901 518 2998 ἦν
536 2909 612 2996 ἐγώ.

279 3025 390 3081 mo.
438 3017 616 3099 Τοιγαροῦν
645 3008 725 3101 παρ’
749 3010 798 3080 ἑνὶ
827 3009 934 3081 αάτῶν
961 3012 1047 3097 χθές
1081 3012 1259 3102 δειπνήσας

100 3168 104 3187 „
228 3108 413 3193 ἀπέθανες·
439 3110 478 3181 τὸ
504 3112 566 3203 γὰρ
592 3115 779 3184 τελευταῖόν
805 3139 861 3183 σοι
885 3127 977 3184 πιεῖν
1003 3114 1133 3200 ἐνεχθὲν
1156 3115 1258 3185 ἐκεῖνο

228 3214 320 3301 δευρὶ
336 3219 531 3302 κατέπεμψέ
547 3239 595 3285 σε.
1312 3275 1315 3281 ,

278 3332 364 3391 ΜΕΓ.
404 3313 497 3386 Ταῦτ’
513 3315 578 3409 ἀρα
594 3325 715 3410 πικροῦ
727 3344 817 3400 τινος
828 3317 998 3410 ᾐσθόμην·
1014 3325 1050 3389 τί
1059 3321 1259 3408 βουλόμενος

227 3419 265 3486 δὲ
281 3416 369 3488 ταῦτ’
387 3419 525 3510 έπραξες

278 3536 389 3593 me.
425 3523 536 3594 Πολλά
552 3549 595 3610 με
611 3521 807 3615 ἀνακρίνεις,
830 3522 968 3615 ἐμβῆναι
985 3526 1069 3595 άέον.

178 3643 212 3694 12
279 3639 366 3695 ΜΕΓ.
401 3621 455 3695 Ἕν
480 3652 523 3712 με
547 3632 658 3715 πνίγει
682 3628 841 3713 μάλιστα,
870 3618 898 3695 ὦ
923 3630 1077 3711 Κλωθοῖ,
1109 3624 1152 3696 δι’
1172 3623 1256 3716 ὅπερ

227 3723 380 3795 ἐπόθουν
394 3730 452 3796 καί
468 3725 555 3818 πρὸς
572 3726 682 3817 ὀλίγον
700 3726 733 3809 ές
749 3726 788 3797 τὸ
807 3735 881 3818 φοῗίς
897 3725 1066 3819 ἀνακῦψαι
1082 3731 1196 3799 πάλιν.

276 3842 387 3901 me.
409 3835 447 3898 Τί
460 3831 600 3899 όὲτσῦτό
612 3830 814 3911 ἒστινςέοικε
821 3831 884 3920 γάρ
892 3857 927 3900 τι
938 3837 1154 3921 παμμέγεθες
1162 3830 1256 3902 εἶναι.

276 3946 363 4002 ΜΕΓ.
399 3937 530 4020 Καρίων
553 3929 571 4001 ό
595 3930 674 4019 όμάς
695 3933 821 4024 οἰκέτης
844 3933 919 4004 έπεὶ
938 3935 1079 4019 τάχιστά
1100 3960 1144 4021 με
1169 3932 1258 4004 ἀπο-

226 4031 374 4098 θανόντα
391 4029 471 4117 είόε,
499 4038 579 4126 περὶ
596 4036 705 4125 δείλην
722 4033 826 4125 ὀψίαν
843 4034 994 4109 ἀνελθὼν
1012 4037 1046 4118 ές
1066 4034 1105 4107 τὸ
1124 4038 1256 4127 οἴκημα,
