2724 4634
324 230 408 291 Vssl
435 232 547 289 ΘΕΩΝ
569 231 779 288 ΔῙΑΔΟΓΟΙ
800 234 894 290 10.11.
1085 220 1126 287 75

143 350 206 407 ΗΔ,
241 342 315 408 Ποῦ
337 337 375 405 δέ
394 336 450 404 καλ
472 334 560 406 έστιν
581 332 731 427 ῆπύθεν
748 336 963 428 ἐξεπέμφθης
985 334 1128 427 ἀγγελῶν

86 441 200 515 ταύτά
216 465 293 527 μοις
857 506 867 517 .

142 552 232 610 ΕΡΜ.
263 540 316 613 Ἐκ
331 548 511 626 Βοιωτίας,
539 532 680 625 ῶἮλιε,
704 539 797 633 παρὰ
814 548 872 634 τῆς
885 539 1129 634 Ῑέμφιτρύωνος

88 645 261 740 γυναικὸς,
279 637 300 736 ᾗ
320 646 469 716 σύνεστιν
487 643 569 734 ἀρῶν
588 642 697 734 αὐτῆς.

143 758 210 814 HA.
246 746 332 817 Εἶτα
350 744 410 832 οάχ
428 745 519 837 ίκανῆ
537 746 596 830 νύξ
610 754 688 833 μίας

142 860 232 917 ΕΡΜ,
269 847 443 937 Οὐδαμῶς·
460 856 619 938 τεχθῆναι
634 850 697 939 γάρ
714 877 788 919 τινα
806 851 859 920 δεῖ
875 847 910 918 ἔκ
925 856 984 940 τῆς
997 846 1130 936 ὁμιλίας

88 954 216 1043 ταύτης
237 959 340 1042 μέγαν
364 955 421 1021 καλ
441 953 636 1021 πολύαθλον
658 952 756 1022 θεόν·
786 960 903 1022 τοῦτον
929 944 986 1023 οὖν
1008 951 1042 1022 έν
1065 959 1130 1044 μιᾷ

88 1059 185 1128 νυκτὶ
202 1053 470 1144 ἀποτελεσθῆναι
488 1051 657 1124 ἀδύνατον.

143 1166 208 1222 ΗΛ,
247 1155 343 1230 Ἀλλὰ
368 1160 633 1248 τελεσιουργείτω
660 1158 719 1245 μέν
745 1154 858 1249 ἀγαθῇ
882 1158 972 1248 τύχῃ.
1024 1163 1163 1228 ταύταν

7 1294 8 1301 “
91 1259 126 1333 δ’
142 1253 215 1345 ούν,
244 1251 400 1352 ῶἙρμῆ,
429 1258 488 1331 οάκ
510 1261 650 1350 ἐγίγνετο
674 1260 732 1329 δπλ
751 1268 811 1330 τού
827 1262 955 1352 Κρόνου
973 1299 1016 1312 -
1034 1257 1130 1329 αύτολ

7 1426 8 1429 ,
89 1365 157 1456 γάρ
176 1362 274 1449 λομεν
286 1401 330 1414 -·
344 1361 425 1449 οὐδ’,
431 1360 611 1445 ἀπόκοιτός
627 1389 711 1433 ποτε
728 1361 849 1445 ἐκεῖνος
865 1362 960 1452 παρὰ
976 1370 1035 1453 τῆς
1044 1363 1130 1444 Ῥέας

91 1459 133 1557 ῆν
156 1463 236 1536 ούδλ
258 1463 436 1536 ἀπολιπὼν
461 1463 502 1536 ἀν
523 1464 580 1535 τὸν
602 1464 740 1556 ούρανὸν
763 1465 796 1536 ἐν
819 1467 941 1556 θῆβαις
964 1466 1127 1553 ἐκοιμᾶτο,

91 1565 164 1638 ἀλλ’
179 1564 287 1657 ἡμέρα
301 1569 362 1654 μέν
377 1566 497 1659 ἡμέρα,
515 1567 575 1652 νὺξ
591 1570 628 1637 δὲ
644 1567 727 1637 κατὰ
740 1575 862 1659 «μέτρον
878 1568 918 1638 τὸ
932 1566 1031 1657 αὐτῆς
1049 1566 1130 1637 ἀνά-

90 1674 191 1760 λογον
208 1683 284 1750 ταῖς
302 1666 418 1761 ῶραις,
438 1674 527 1754 ξένον
545 1672 582 1739 δὲ
597 1668 620 1759 ῆ
636 1674 905 1759 παρηλλαγμένον
922 1669 1030 1753 οὐδέν,
1054 1668 1127 1739 οὐδ’

92 1771 133 1844 ἀν
144 1772 340 1862 ἐκοινώνησέ
351 1799 435 1843 ποτε
449 1772 569 1855 ἐκεῖνος
576 1780 682 1863 θνητῇ
695 1781 837 1861 γυναικί·
854 1780 910 1842 νῦν
925 1775 961 1841 δὲ
971 1774 1130 1862 δυστήνου

90 1881 230 1969 γυναίου
249 1874 341 1944 ἕνεκα
355 1874 417 1965 χρὴ
439 1874 692 1966 ἀπεστράφθαι
711 1875 754 1943 τὰ
775 1877 886 1944 πάντα
906 1878 962 1942 καλ
980 1872 1131 1960 ἀκαμπε-

93 1983 233 2068 στέρους
249 1978 308 2063 μέν
324 1983 483 2066 γενέσθαι
498 1977 577 2060 τοὺς
594 1979 722 2058 ἵππους
739 1975 806 2046 ἀπὸ
824 1984 883 2066 τῆς
900 1974 1028 2063 ἀργίας,
1050 1974 1129 2045 δύσ-

92 2106 201 2171 πορον
224 2082 261 2149 δδ
281 2079 340 2168 τῆν
363 2076 440 2150 ὁδὸν
462 2078 580 2171 ἀτριβῆ
597 2086 758 2166 μένουσαν
778 2086 878 2170 τριῶν
900 2078 972 2168 ἑξῆς
989 2077 1128 2170 ἡμερῶν,

92 2181 173 2265 τοάς
187 2179 219 2252 δ’
231 2179 436 2273 ἀνθρώπους
449 2180 579 2266 ἀθλίως
592 2182 625 2252 έν
639 2190 793 2272 σκοτεινῷ
808 2184 968 2269 διαβιοῦν.
989 2188 1131 2251 τοιαῦτα

8 2364 9 2375 η
95 2283 346 2355 ἀπολαύσονται
361 2292 427 2354 τῶν
436 2283 517 2368 Διὸς
535 2284 666 2372 ἐρώτων
682 2287 739 2354 καλ
755 2287 976 2355 καθεδοῦνται
993 2290 1132 2373 περιμέ-

8 2386 10 2455 i
93 2414 219 2471 σοντες,
239 2385 304 2458 ἔστ’
320 2385 361 2456 ἀν
378 2387 500 2469 ἐκεῖνος
517 2385 701 2480 ἀποτελέσῃ
713 2388 770 2461 τὸν
784 2385 933 2479 ἀθλητὴν
936 2440 946 2472 ,
966 2387 1004 2458 ὃν
1016 2390 1130 2476 λέγεις,-

8 2488 488 2582 .WWWW·

9 2606 10 2667 Ῑ
147 2604 234 2660 EPM
277 2593 413 2676 Σιώπα,
442 2583 592 2677 ῶἭλιε,
617 2594 664 2682 μή
685 2621 720 2662 τι
740 2592 838 2662 κακὸν
856 2591 1050 2682 ἀπολαύσῃς
1065 2597 1132 2660 τῶν

95 2698 213 2786 λόγων.
240 2694 303 2786 ίγῶ
323 2697 360 2766 δέ
375 2695 470 2786 παρὰ
486 2696 544 2788 τῆν
551 2698 693 2788 Σελήνην
708 2694 867 2766 ἀπελθῶν
880 2699 936 2766 καὶ
952 2691 1132 2765 τδνὛπνον

96 2796 275 2887 ἀπαγγελῶ
288 2796 449 2880 κάκείνοις
462 2794 548 2887 ἀπερ
563 2797 581 2868 ἀ
594 2798 676 2882 Ζεὺς
689 2799 870 2883 ἀπέστειλε,
889 2798 948 2889 τῆν
959 2799 1019 2887 μέν
1032 2800 1132 2888 σχολῇ

94 2907 304 2991 προβαίνειν,
332 2900 389 2970 τὸν
411 2903 448 2971 δέ
465 2898 582 2971 Ὕπνον
602 2900 649 2993 μῆ
670 2901 797 2973 ἀνιέναι
816 2903 895 2985 τούς
916 2901 1130 2993 ἀνθρώπως,

96 3001 146 3085 ῶς
162 3000 351 3094 ἀγνοήσωσι
367 3003 495 3094 μακρὰν
513 3000 600 3073 ούτω
618 3003 677 3095 τῆν
693 3007 793 3075 νύκτα
809 3009 1028 3096 γεγενημένην.

596 3192 639 3248 11.
1099 3233 1102 3239 -

317 3293 574 3350 ΑΦΡΟΔΙΤΗΣ
596 3294 673 3350 ΚΑΙ
692 3294 910 3353 ΣἘΛΗΝΗΣ.
1028 3251 1031 3256 ¹

148 3423 235 3481 ΑΦΡ.
277 3418 317 3482 Τί
331 3420 451 3497 ταῦτα,
478 3405 660 3505 ῶΣελήνη,
689 3418 776 3505 φασὶ
796 3429 907 3486 ποιεῖν
925 3440 980 3502 σε,·
1006 3410 1134 3484 ὁπόταν
1151 3432 1167 3486 1

94 3513 182 3586 κατὰ
199 3514 257 3605 τῆν
273 3521 401 3607 Καρίαν
418 3521 506 3607 γίνῃ,
531 3517 661 3587 ἱστάναι
677 3522 737 3603 μέν
754 3542 792 3587 σε
808 3515 847 3587 τὸ
866 3520 977 3606 ζεῦγος
998 3513 1134 3607 ἀφορῶ-

96 3642 161 3688 σαν
179 3616 213 3699 ές
229 3616 288 3688 τὸν
301 3615 500 3705 Ἐνδυμίωνα
522 3620 731 3690 καθεύδοντα
752 3616 938 3709 ὑπαίθριον
959 3614 1018 3688 ἀτε
1039 3644 1135 3705 κυνη-

95 3716 305 3892 γίπηῃδάνφα,
324 3720 428 3792 ἐνίοτε
446 3721 482 3791 δέ
494 3723 551 3790 καὶ
562 3726 770 3810 καταβαίνειν
782 3720 861 3814 παρ’
873 3718 972 3792 αύτδν
985 3720 1020 3792 ἐκ
1031 3725 1135 3810 μέσης

95 3850 117 3892 τ
176 3849 194 3892 ο
218 3848 273 3893 ου·
351 3844 353 3850 ’

117 3849 234 4100 ηςῖ-Ὲῃ-
260 3875 404 4019 θῑρῶτα,
423 3919 659 4022 ῶῖέφροδίτη,
677 3923 735 3996 τὸν
751 3925 811 3998 σὸν
826 3924 907 4013 υλδν,
926 3921 965 4010 ἀς
979 3950 1041 4017 μοι
1056 3925 1136 3999 τού-

97 4052 167 4099 των
185 4056 207 4099 ο
220 4054 303 4117 τιος.
