2752 4632
197 184 261 274 1'62
582 210 838 270 εουτωινσυ

195 326 454 414 διαφερομένους
479 324 535 387 καὶ
561 317 620 387 ἐπὶ
648 324 766 406 μισθῷ
791 315 1013 396 παιδεύοντας
1037 319 1092 384 καὶ
1119 316 1233 385 πάντα

196 428 287 496 ἕνεκα
308 425 434 493 τούτων
454 420 692 507 ὗπομένοντας,
719 420 798 500 τούς
818 444 855 486 τε
876 416 934 507 τὴν
958 420 1056 500 δόξαν
1079 417 1236 505 ἀποβαλ-

194 533 351 614 λομένους
373 524 473 615 αὐτῆς
493 526 620 613 ταύτης·
633 524 729 608 χάριν
750 520 792 589 τὰ
814 522 924 589 πάνταΙ
945 523 1001 588 καὶ
1022 522 1236 610 πράττοντας

194 636 250 700 καὶ
267 635 434 717 λέγοντας,
463 625 581 716 ἡδονῆς
599 653 635 694 τε
654 618 695 694 αὖ
714 622 829 709 σχεδὸν
847 620 998 703 ἅπαντας
1015 631 1238 712 κατηγοροῦν·

161 757 267 817 στας,
297 734 367 821 ἰδίᾳ
390 733 425 798 δὲ
446 731 530 818 μόνη
552 731 654 818 ταύτῃ
677 733 975 819 προσηρτημένους.
1011 728 1151 815 σφαλείς
1174 717 1236 794 ούν

195 839 251 903 καὶ
277 837 377 923 τῆσδε
402 840 461 922 τῆς
488 832 622 912 έλπίδος
649 830 698 899 ἔτι
723 833 848 915 μᾶλλον
873 827 1099 917 ἐδυσχέραινον
1123 824 1237 916 ἠρέμει

194 937 500 1027 παραμυθούμενος
523 932 675 1020 ἐμαυτὸν,
705 930 758 1000 ότι
778 931 862 1018 μετὰ
883 935 1016 999 πολλῶν
1036 933 1093 999 καὶ
1113 939 1237 1022 σοφῶν

194 1043 251 1106 καὶ
273 1041 406 1128 σφόδρα
429 1038 486 1106 ἐπὶ
509 1043 637 1105 συνέσει
658 1039 922 1124 διαβεβοημένων
943 1032 1082 1123 ἀνόητός
1102 1040 1141 1102 τέ
1161 1035 1236 1120 εἰμι

195 1145 251 1209 καί
267 1139 413 1229 τάληθὲς
431 1141 479 1209 ε’τι
498 1139 623 1228 ἀγνοῶν
645 1145 876 1226 περιέρχομαι·
902 1143 959 1204 καί
979 1142 1039 1222 μοί
1055 1162 1139 1206 ποτε
1158 1138 1237 1204 δια-

194 1251 393 1334 γρυπνοῦντι
419 1243 545 1311 τούτων
572 1242 664 1310 ἕνεκα
691 1241 799 1322 ’έδσξεν
827 1241 860 1321 ές
877 1244 1061 1326 Βαβυλῶνα
1087 1239 1237 1308 ἐλθόντα

197 1350 358 1433 δεηθῆναί
383 1370 475 1429 τινος
497 1351 564 1412 τῶν
589 1345 703 1432 μάγων
729 1351 795 1411 τῶν
821 1344 1041 1432 Ζωροάστρου
1068 1349 1237 1431 μαθητῶν

195 1453 251 1515 καὶ
270 1448 445 1530 διαδόχων,
470 1444 586 1535 η’κουον
606 1444 636 1514 δ’
653 1444 772 1525 αὐτοὺς
790 1445 938 1533 ἐπῳδαῖς
958 1471 995 1512 τε
1011 1448 1068 1513 καὶ
1084 1448 1239 1525 τελεταῖς

196 1576 283 1618 τισιν
301 1547 442 1636 ἀνοίγειν
459 1575 495 1617 τε
512 1557 571 1617 τοῦ
582 1545 676 1643 ἕίδου
695 1547 756 1627 τὰς
772 1549 953 1628 πόλαςκαὶ
966 1549 1117 1636 κατάγειν
1136 1547 1173 1616 ὃν
1192 1544 1236 1615 ἀν

195 1654 380 1739 βούλωνται
389 1650 548 1742 ἀσφαλῶς
557 1656 612 1719 καί
622 1649 732 1720 ὀπίσω
743 1642 846 1731 αὖθις
855 1648 1072 1736 ἀναπέμπειν.
1096 1646 1239 1736 ἀριστον

198 1746 255 1822 οὗν
272 1752 417 1842 ἡγούμην
435 1753 519 1821 εἶναι
536 1755 630 1840 παρά
647 1780 736 1833 τινος
753 1754 878 1821 τούτων
892 1755 1157 1843 διαπραξάμενον
1174 1750 1236 1843 τὴν

104 1879 111 1897 ·
196 1858 379 1941 κατάβασιν
398 1856 544 1925 ἐλθόντα
557 1854 652 1944 παρὰ
673 1862 839 1944 Τειρεσίαν
855 1852 913 1923 τόν
925 1856 1089 1925 Βοιώτιον
1106 1864 1238 1941 μαθεῖν
1272 1854 1283 1863 ’

196 1957 275 2046 παρ’
293 1957 402 2039 αὐτοῦ,
414 1955 472 2027 άτε
489 1961 639 2045 μάντεως
655 1961 711 2025 καὶ
729 1965 851 2048 σοφοῦ,
879 1965 930 2039 τίς
953 1958 1040 2027 ἐστιν
1059 1956 1077 2025 ό
1096 1956 1237 2045 ἀριστος

195 2068 270 2156 βίρς
287 2065 342 2128 καὶ
361 2062 398 2130 ὃν
416 2059 456 2129 όν
472 2088 523 2141 τις
542 2062 650 2128 ἕλοιτο
669 2053 705 2128 εύ
723 2068 869 2150 φρονῶν·
887 2065 942 2128 καὶ
961 2060 1000 2150 δῗη
1016 2058 1236 2149 ἀναπηδήσας

198 2160 244 2243 ῶς
263 2162 348 2245 εἶχον
365 2165 485 2247 τάχους
503 2163 623 2231 έτεινον
641 2161 725 2231 εὐθύ
735 2167 943 2250 Βαβυλῶνος.
971 2162 1081 2231 έλθῶν
1099 2165 1136 2231 δὲ
1154 2188 1237 2252 συγ-

195 2271 350 2353 γίγνομαί
370 2293 436 2333 τινι
457 2274 523 2334 τῶν
540 2269 719 2334 Χαλδαίων
742 2274 839 2356 σοφῷ
862 2264 957 2355 ἀνδρί
977 2270 1033 2334 καὶ
1055 2272 1221 2353 θεσπεσίι

195 2366 254 2455 τὴν
270 2373 394 2455 τέχνην,
416 2372 525 2456 πολιῷ
542 2369 601 2454 μέν
618 2366 676 2456 τὴν
693 2371 804 2457 κόμην,
824 2376 946 2457 γένειον
961 2371 997 2437 δέ
1009 2371 1101 2455 μάλα
1114 2368 1236 2455 σεμνὸν

195 2476 394 2559 καθειμένῳ,
407 2468 558 2556 ,τοόνομα
577 2474 613 2539 δέ
630 2463 668 2560 ἧν
685 2470 775 2560 αὐτῷ
784 2474 1078 2562 Μιθροβαρζάνης·
1097 2475 1235 2560 δεηθεὶς

198 2574 233 2641 δὲ
250 2576 306 2640 καὶ
322 2576 562 2655 καθικετεύσας
578 2576 676 2662 μόγις
693 2574 850 2659 ἐπέτυχον
868 2571 945 2663 παρ’
961 2573 1074 2659 αὐτοῦ,
1094 2572 1145 2665 ἀφ’
1162 2571 1235 2663 ὅτῳ

162 2677 349 2764 ιβούλοιτο
376 2686 507 2766 μισθῷ,
534 2678 797 2766 καθηγήσασθαί
821 2702 881 2762 μοι
906 2683 965 2766 τῆς
991 2675 1080 2746 ὁδοῦ.
1120 2704 1238 2769 παρα·
1342 2767 1349 2780 ι

195 2777 306 2864 λαβὼν
324 2782 362 2846 δέ
377 2807 419 2864 με
438 2778 455 2848 ό
475 2779 554 2869 ἀνὴρ
572 2788 693 2868 πρῶτα
708 2782 767 2866 μὲν
788 2777 911 2869 ἡμέρας
928 2779 1018 2848 έννέα
1034 2782 1097 2848 καί
1109 2780 1238 2849 εἴκοσιν

196 2877 266 2964 ἀμα
287 2888 328 2969 τῇ
351 2884 466 2972 σελήνη
490 2879 669 2972 ἀρξάμενος
692 2883 767 2950 έλου
788 2884 938 2970 κατάγων
964 2883 1071 2951 ἕωθεν
1093 2882 1152 2951 ἐπὶ
1172 2883 1236 2955 τὸν

194 2980 388 3072 Εὐφράτην,
416 2985 502 3073 πρὸς
520 2983 693 3068 ἀνίσχοντα
713 2983 771 3053 τὸν
788 2981 880 3074 ἥλιον
902 2983 995 3075 ῥῆσίν
1011 3012 1087 3053 τινα
1100 2984 1234 3075 μακράν

196 3083 370 3172 ἐπιλέγων,
389 3078 428 3175 ἧς
446 3085 484 3155 ού
505 3089 638 3176 σφόδρα
654 3087 847 3176 κατήκουον·
876 3085 989 3176 ὥσπερ
1011 3086 1073 3178 γὰρ
1092 3088 1125 3155 σί
1142 3096 1236 3178 φαύ-

195 3189 250 3254 λοι
266 3195 332 3255 τῶν
350 3190 383 3256 έν
400 3205 471 3270 τοῖς
489 3187 596 3277 ἀγῶσι
617 3191 762 3279 κηρύκων
780 3189 953 3276 έπίτροχόν
975 3217 1008 3259 τι
1028 3194 1084 3261 καὶ
1101 3188 1237 3281 ἀσαφὲς

195 3288 394 3379 ἐφθέγγετο·
425 3291 511 3381 πλὴν
529 3292 623 3380 έιβκει
640 3298 678 3380 γέ
694 3318 785 3372 τινας
803 3292 1041 3362 ἐπικαλεῖσθαι
1058 3294 1237 3378 δαίμονας.

195 3391 280 3477 μετὰ
305 3391 337 3461 δ’
359 3386 416 3463 σύν
441 3393 499 3483 τὴν
526 3394 658 3484 ἐπῳδὴν
683 3398 755 3482 τρίς
781 3392 820 3463 ἀν
841 3421 905 3480 μου
929 3396 962 3476 ές
982 3395 1022 3465 τὸ
1044 3397 1236 3485 πρόσωπον

196 3492 398 3578 ἀποπτύσας
432 3496 586 3587 ἐπανῄειν
620 3499 723 3566 πάλιν
758 3495 876 3565 οὐδένα
904 3506 970 3567 τῶν
1006 3497 1236 3568 ἀπαντώντων

194 3602 431 3686 προσβλέπων·
458 3603 515 3667 καὶ
533 3607 624 3668 σιτία
640 3603 699 3686 μὲν
717 3597 794 3689 ἡμῖν
810 3600 853 3668 τὰ
871 3598 1051 3691 ἀκρόδρυα,
1069 3600 1174 3670 ποτὸν
1193 3603 1236 3670 δὲ

193 3701 280 3787 γάλα
296 3705 351 3768 καὶ
368 3705 563 3792 μελίκρατον
579 3702 690 3772 καὶτὸ
708 3711 766 3771 τοῦ
783 3705 949 3772 Χοάσπου
966 3700 1071 3794 ὕδωρ,
1099 3702 1174 3793 εὐνὴ
1191 3706 1234 3773 δέ

193 3799 381 3895 ὑπαίθριος
399 3804 458 3873 ἐπὶ
474 3813 532 3895 τῆς
549 3806 648 3888 πόας.
676 3805 751 3875 ἐπεὶ
769 3809 805 3877 δὲ
823 3805 897 3889 άλις
914 3803 979 3891 είχε
996 3814 1055 3896 τῆς
1071 3809 1235 3897 προδιαι-

192 3906 332 3993 τήσεως,
364 3910 444 3993 περὶ
469 3903 573 3993 μέσας
597 3908 715 3988 νύκτας
741 3909 799 3978 ἐπὶ
823 3908 881 3978 τὸν
909 3917 1050 3999 Τίγρητα
1075 3905 1238 3995 ποταμὸν

194 4004 325 4096 ἀγαγὼν
347 4009 493 4101 ἐκάθηρέ
512 4017 550 4079 τέ
570 4038 613 4098 με
633 4014 689 4080 καὶ
711 4010 861 4099 ἀπέμαξε
881 4016 938 4080 καὶ
959 4012 1150 4103 περιήγνισε
1169 4015 1235 4103 δρὴ
