2740 4648
393 252 459 307 XX.
485 252 748 308 ΕΡΜΟΤῙΜΟΣ
769 251 889 307 48-50.
1091 243 1154 309 307

175 372 261 429 m
298 356 420 424 Βούλει
438 347 495 424 οὖν
513 353 708 446 ἀφαιρῶμεν
723 355 763 425 τὸ
780 363 944 446 τέταρτον,
969 354 1015 438 ῶς
1036 361 1155 450 πεντή-

124 485 223 531 κοντα
241 462 296 526 καί
314 456 427 526 ἑκατὸν
446 458 499 547 έιη
520 456 613 525 ἱκανά
631 455 725 540 εἶναι,
744 455 765 547 ἢ
781 458 819 526 τὸ
839 454 939 547 ἥμισυ
959 456 1069 544 ὅλους·

174 576 280 636 ΕΡΜ.,
296 558 406 641 Αὐτὸς
427 557 468 629 ἀν
490 561 610 650 εἰδείης
631 557 780 646 ἄμεινὸν·
807 560 870 648 ἐγὼ
893 563 930 631 δέ
953 561 1020 653 ὁρῶ
1042 571 1149 648 τοῦτο,
1169 588 1201 638 τε

124 662 179 735 ἀει
197 662 303 753 ἀλίγσι
320 661 360 731 ἀν
380 666 436 731 καί
454 659 542 732 οὕτω
565 662 622 732 διὰ
642 670 762 734 πασῶν
779 662 947 746 ἐξέλθοιεν
970 665 1004 734 έκ
1025 675 1152 756 γενετῆς

124 764 230 848 εὐθὺς
247 765 434 853 ἀρξάμενοι.

142 883 151 895 ’
176 885 260 940 ΛΥΚ.
301 874 340 936 Τί
357 864 414 935 σάν
432 863 472 935 ἀν
488 868 603 936 πάθοι
619 893 684 950 τις,
705 858 934 954 ἀἙρμότιμε,
955 870 985 938 εί
1000 870 1152 938 τοιοῦτόν

125 970 196 1045 ίστι
213 969 252 1039 τὸ
271 977 424 1060 πράγμας
446 965 467 1059 ἢ
484 966 703 1060 ἀνατρεπτέον
721 969 827 1038 ἀιεϊνα
843 970 885 1038 τὰ
902 969 963 1061 ήδη
983 970 1153 1061 ὡμολογη-

123 1080 220 1162 μένα,
248 1071 294 1152 ῶς
316 1069 375 1140 οὐκ
392 1070 432 1140 ἀν
453 1097 505 1152 τις
527 1072 635 1140 άλσιτσ
654 1071 689 1140 έν
710 1076 843 1140 πολλῶν
860 1072 898 1142 τὸ
920 1078 1090 1161 βέλτιστον
1107 1074 1151 1163 μή

124 1174 195 1260 οάχλ
213 1177 390 1265 πειραθείς
407 1172 580 1258 άπάντωνς
605 1170 651 1254 ῶς
672 1175 730 1244 τόν
746 1201 783 1263 γε
805 1174 880 1244 ἀνευ
902 1183 1021 1267 πείρας
1039 1176 1151 1266 αίροά-

122 1304 219 1366 μενον
236 1282 373 1367 μανεείφ
389 1280 513 1363 μᾶλλον
529 1274 669 1366 ήλρίσει
681 1274 826 1367 τάληθές
839 1275 1069 1368 ἀναζητοῦντα.
1093 1276 1152 1363 οὐχ

124 1378 230 1461 οὕτως
248 1378 397 1468 ἐλέγομεν
403 1409 416 1463 ,·

174 1498 261 1555 ΕΡΜ.
295 1487 373 1551 Ναί.

174 1600 259 1655 ΛΥΚ
296 1590 395 1652 Πᾶσα
411 1590 520 1652 τοίνυν
538 1580 658 1672 ἀνάγκη
677 1583 735 1652 ίπί
750 1591 908 1654 τοσοῦτον
920 1591 1041 1673 βιῶναι
1052 1583 1148 1674 ήμῶς,

124 1686 155 1756 εί
170 1688 343 1773 μέλλοιμεν
360 1677 396 1754 εὖ
413 1711 450 1754 τε
467 1685 669 1775 αἱρήσεσθαι
687 1682 842 1754 ἁπάντων
858 1693 1076 1776 πειραθέντες
1094 1692 1151 1757 καί

123 1789 274 1875 ἑλόμενοι
294 1790 535 1879 φιλοσοφήσειν
560 1791 617 1856 καί
643 1789 929 1878 φιλοσοφήσαντες
955 1788 1151 1880 εάάαιμονή-

124 1911 208 1965 σειν·
225 1894 305 1980 πρίν
323 1891 359 1958 δέ
377 1886 464 1958 οὕτω
482 1898 636 1980 ποιήσαι,
656 1890 690 1958 έν
708 1891 824 1980 σκότῳ,
845 1895 955 1981 φασίν,
976 1889 1146 1981 ὀρχοίμεθ

123 1992 162 2063 ἀν
181 1991 232 2073 οἷς
249 1989 289 2062 ἀν
305 1993 452 2079 τύχωμεν
469 2000 732 2083 προσπταίοντες
748 1997 803 2061 καί
822 1988 842 2061 ὅ
858 2020 892 2061 τι
911 1991 950 2062 ἀν
970 2002 1104 2082 πρῶτον
1118 1994 1151 2076 ές

122 2101 183 2177 τὰς
200 2109 313 2184 χεῖρας
335 2095 432 2185 έλθῃ,
459 2093 545 2163 τοῦτ’
561 2092 645 2163 εἶναι
670 2095 709 2163 τὸ
733 2097 926 2184 ζητούμενον
951 2093 1149 2183 ἀπολαμβά-

122 2223 230 2279 νοντες
256 2197 312 2265 διὰ
333 2195 371 2265 τὸ
393 2196 438 2287 μή
465 2198 586 2265 είάέναι
610 2194 764 2286 τάληθές.
805 2198 835 2267 εἰ
861 2200 897 2265 δὲ
922 2202 978 2266 καλ
999 2195 1147 2285 εὕροιμεν

123 2297 230 2382 άλλως
245 2300 330 2368 κατά
346 2327 420 2369 τινα
438 2297 568 2389 ἀγαθήν
584 2301 680 2388 τέχην
698 2301 934 2390 περιπεσόντες
956 2299 1060 2391 αάτῶ,
1090 2299 1148 2385 οάχ

123 2403 235 2489 ἕξομεν
250 2408 395 2491 βεβαίως
413 2403 534 2471 είάέναι
551 2403 581 2470 εἰ
599 2402 701 2471 έκεῑνό
716 2402 835 2472 ἐστινὸ
852 2404 1021 2493 ζητοῦμεν·
1039 2403 1149 2472 πολλὰ

32 2560 38 2569 .
120 2507 183 2596 γάρ
203 2504 289 2575 έστιν
308 2500 409 2591 ὅμοια
426 2501 552 2586 αὑτοῖς,
576 2507 711 2593 λέγοντα
729 2505 863 2573 ἕκαστον
887 2503 968 2573 αὐτὸ
987 2503 1072 2573 εἶναι
1088 2503 1148 2572 τά-

122 2611 336 2696 ληθέστατον.

173 2726 258 2782 ΕΡΜ.
287 2702 464 2795 Ὠᾼοκῖνε
485 2707 544 2777 οάκ
561 2707 626 2778 οἶδ’
642 2705 736 2790 ὅπως
754 2707 871 2797 εὔλογα
887 2710 946 2794 μέν
965 2706 1071 2787 δοκεῖς
1088 2733 1147 2792 μοι
1165 2732 1197 2779 ου

122 2813 238 2900 λέγειν,
266 2810 414 2904 ἀτὰρ-
437 2812 601 2902 είρήσεται
621 2810 684 2902 γάρ
710 2808 856 2901 τάληθές
877 2850 919 2861 --
942 2807 979 2877 σά
1007 2816 1148 2899 μετρίως

121 2912 216 3007 ἀνιᾷς
232 2942 274 3002 με
292 2916 421 2999 διεξιὼν
439 2914 523 2984 αάτά
540 2919 595 2983 καλ
613 2912 926 3003 ἀκριβολογούμενος
949 2910 1043 2983 οὐδὲν
1062 2915 1146 2983 δέον.

121 3019 204 3096 ἰ’σως
227 3020 263 3085 ἀλ
279 3022 334 3085 καὶ
356 3018 447 3088 έοικα
470 3014 596 3087 οὐκέτ’
613 3015 733 3107 ἀγαθῷ
757 3016 987 3106 ἐξεληλυθέναι
1007 3016 1148 3106 τήμερον

123 3118 159 3186 ἐκ
175 3124 232 3207 τῆς
251 3119 356 3199 οἰκίας
371 3123 427 3187 καλ
445 3120 588 3202 ἐξελθών
607 3120 844 3210 ἐντετυχηκέναι
862 3145 931 3203 σοι,
951 3115 988 3200 ὅς
1004 3145 1046 3205 με
1063 3122 1148 3207 πλη-

122 3225 195 3289 σίον
212 3215 274 3309 ήάη
292 3227 350 3309 τῆς
367 3219 501 3302 έλπίέος
515 3219 593 3291 ὄντα
607 3224 655 3303 εἰς
668 3222 811 3314 ἀπορίας
825 3229 934 3313 φέρων
948 3221 1149 3308 ἐμβέβληκας

122 3320 283 3391 ἀδύνατον
300 3319 498 3412 ἀποφαίνων
515 3331 572 3411 τῆς
595 3321 757 3412 ἀληθείας
778 3322 837 3412 τὴν
860 3319 991 3413 εὕρεσιν
1014 3321 1095 3390 ἐτῶν
1111 3345 1149 3409 γε
1235 3410 1246 3420 .

121 3424 290 3495 τοσούτων
307 3426 470 3515 δεομένην.

175 3544 258 3600 ΛΥΚ.
299 3524 432 3611 Οάνοῦν,
461 3520 633 3615 ἀέταῖρε,
661 3525 746 3596 πολὺ
773 3527 976 3617 δικαιότερον
1000 3531 1148 3616 μέμφοιο

123 3626 163 3698 ἀν
193 3638 240 3721 τῷ
271 3635 377 3719 πατρί
406 3654 465 3699 σου
491 3631 689 3722 Μενεκράτει
720 3633 776 3699 καλ
804 3637 845 3720 τῇ
874 3634 975 3719 μητρί
1003 3669 1046 3680 --
1076 3624 1149 3716 ήτις

121 3736 207 3803 ποτε
223 3737 279 3803 καλ
296 3733 455 3816 ἐκαλεῖτο,
481 3730 519 3803 οά
537 3734 600 3824 γὰρ
618 3730 694 3803 olda
713 3775 755 3786 —
770 3731 792 3822 ἢ
809 3735 866 3800 καὶ
882 3730 968 3800 πολὺ
986 3731 1149 3820 πρότερον

121 3840 163 3923 τῇ
185 3836 286 3923 φύσει
306 3833 412 3926 ήμῶν,
441 3832 494 3905 ὅτι
516 3861 554 3906 σε
574 3835 619 3926 μὴ
641 3835 724 3905 κατὰ
750 3833 808 3906 τὸν
832 3835 982 3905 Τιθωνὸν
1003 3837 1148 3923 πολυετῆ

120 3937 179 4005 καλ
207 3939 386 4026 μακρόβιον
416 3938 552 4022 ἔθεσαν,
591 3937 674 4007 ἀλλὰ
704 3945 931 4030 περιέγραψαν
964 3936 1010 4029 μὴ
1040 3939 1146 4007 πλείω
1176 3936 1179 3940 ’

118 4045 242 4128 βιῶναι
278 4039 317 4110 τὸ
355 4042 512 4132 μήκιστον
551 4041 632 4111 έτῶν
676 4040 789 4112 ἑκατὸν
832 4040 1014 4134 ἄνθρωπον
1057 4037 1145 4125 ὄντα.

390 4143 391 4146 ,
928 4144 985 4199 20,
