2740 4648
240 220 324 290 258‘
624 233 879 290 ιουιιιεοιοκ

238 345 295 409 καί
312 337 394 430 ὐνηις
411 340 498 408 πάνυ
516 345 603 427 γοῦν,
622 335 682 422 οὐχ
700 336 796 427 ὐρᾷςς
819 336 1004 426 ἐκτετήκασι
1021 341 1069 425 τῷ
1087 336 1191 426 πόθῳ
1208 344 1268 427 τῆς

235 441 370 532 Ὁμήρου
386 448 507 532 σοφίας
519 439 541 531 ἢ
553 449 611 530 τῆς
624 440 860 528 Δημοσθένους
874 440 1058 528 δεινότητος
1071 435 1093 526 ἢ
1105 444 1163 529 τῆς
1175 442 1268 509 Πλά-

237 572 341 625 τωνος
362 545 662 634 μεγαλοφροσύνης,
690 533 736 611 ῶν
757 537 795 632 ἤν
820 569 872 623 τις
894 541 929 610 έκ
949 548 1008 630 τῆς
1028 547 1137 628 ψυχῆς
1159 539 1266 633 ἀφέλῃ

237 647 276 716 τὸ
286 653 426 737 ,χρυσίον
443 650 498 714 καί
515 646 554 713 τὸ
573 643 726 735 ὐργύριον
742 649 798 712 καὶ
814 643 874 725 τὰς
890 644 1110 731 περὶτούτων
1133 651 1268 732 φροντί-

239 751 308 831 δας,
327 749 368 818 τὸ
385 748 663 832 καταλειπόμενόν
681 747 752 816 ἐστι
768 754 873 837 τῦφος
889 749 945 814 καὶ
961 749 1107 831 μαλακία
1118 747 1175 813 καί
1187 743 1268 835 ἡδυ-

237 853 372 922 πάθεια
392 856 447 919 καί
470 848 624 939 ἀσέλγεια
644 852 700 918 καί
722 847 816 939 ύβρις
833 852 888 916 καὶ
910 845 1124 917 ἀπαιδευσία.
1159 850 1268 920 δεῖται

238 954 278 1045 δή
303 979 362 1022 σου
387 951 438 1022 ἐπ’
456 953 560 1022 ἐκεῖνα
577 954 636 1038 μέν
658 950 824 1037 οὐδαμῶς,
852 948 926 1019 όπελ
948 951 986 1019 δὲ
1009 951 1155 1039 πώγωνα
1182 952 1268 1036 ἔχεις

236 1056 347 1144 βαθύν
364 1059 420 1124 καί
438 1057 556 1142 σεμνός
577 1081 630 1136 τις
651 1052 683 1123 ελ
701 1053 759 1143 τὴν
780 1053 952 1144 πρόσοψιν
972 1056 1027 1120 καὶ
1052 1053 1182 1140 ἱμάτιον
1196 1051 1268 1123 Ἑλ-

208 1186 210 1196 ’
237 1157 366 1246 ληνικδν
376 1157 542 1238 εὐσταλῶς
554 1161 792 1247 περιβέβλησαι
805 1159 861 1223 καὶ
873 1156 995 1236 πάντες
1008 1156 1104 1224 ὐσασί
1116 1182 1154 1226 σε
1161 1183 1267 1247 γραμ-

237 1260 374 1349 ματικὸν
391 1259 412 1348 ἢ
430 1261 552 1350 ῥήτορα
573 1257 594 1347 ἢ
613 1260 813 1351 φιλόσοφον,
840 1256 938 1326 καλὸν
961 1255 1050 1346 αὐτῶ
1073 1259 1166 1327 δοκεῖ
1185 1256 1267 1328 ὐνα-

236 1369 401 1450 μεμίχθαι
421 1365 477 1429 καὶ
497 1364 648 1430 τοιοῦτόν
669 1388 744 1429 τινα
764 1373 836 1440 τοῖς
856 1367 1015 1450 προϊοῦσι
1031 1363 1087 1428 καί
1108 1387 1269 1450 προπομ-

237 1466 398 1533 πεύουσιν
416 1461 532 1532 αὐτοῦ·
551 1465 641 1545 δόξει
657 1463 720 1552 γὰρ
739 1462 774 1531 ἐκ
789 1464 909 1531 τούτου
923 1467 979 1530 καί
991 1461 1186 1552 φιλομαθὴς
1198 1471 1268 1533 τῶν

234 1565 422 1656 Ἑλληνικῶν
439 1562 648 1654 μαθημάτων
669 1569 725 1633 καὶ
747 1561 834 1645 ὅλως
851 1568 930 1653 περὶ
951 1566 1107 1633 παιδείαν
1125 1569 1268 1655 φιλόκα-

236 1672 308 1748 λος·
332 1665 418 1738 ιῦστε
435 1668 659 1748 κινδυνεύσεις,
680 1660 707 1734 ὦ
725 1680 863 1755 γενναῖε,
887 1665 960 1736 ὐντὶ
976 1673 1041 1735 τῶν
1058 1674 1267 1754 θαυμαστῶν

156 1780 164 1799 λ
235 1773 341 1858 λόγων
358 1770 414 1839 τὸν
432 1770 576 1858 πώγωνα
593 1774 648 1837 καί
665 1767 722 1838 τὸν
743 1776 886 1858 τρίβωνα
904 1775 1164 1854 μεμισθωκέναι.
1201 1770 1266 1861 χρὴ

237 1865 294 1942 οὐν
316 1897 354 1943 σε
376 1870 429 1940 άεὶ
451 1871 510 1941 σὺν
532 1869 621 1960 αὐτῷ
645 1869 793 1962 δρᾶσθαι
814 1874 870 1939 καὶ
890 1873 1056 1959 μηδέποτε
1082 1870 1268 1942 άπολείπε-

236 1984 335 2059 σθαι,
364 1972 432 2043 ἀλλ’
448 1974 555 2043 ἕωθεν
577 1974 798 2057 ἐξαναστάντα
818 1980 971 2063 παρέχειν
994 1972 1132 2043 σεαυτόν
1149 1972 1266 2066 ὀφθη-

236 2079 374 2164 σόμενον
396 2077 429 2145 ἐν
449 2084 489 2167 τῇ
512 2082 680 2166 θεραπείᾳ
700 2073 821 2165 καὶμὴ
844 2080 953 2155 λιπεῖν
969 2074 1027 2165 τὴν
1048 2077 1150 2160 τάξιν.
1187 2073 1205 2145 δ
1229 2075 1264 2146 δ’

237 2179 423 2266 ἐπιβάλλων
438 2180 546 2247 ἐνίοτέ
563 2204 618 2247 σοι
634 2177 691 2267 τὴν
707 2192 810 2265 χεῖρα,
830 2174 850 2246 ὅ
866 2205 899 2246 τι
917 2175 956 2247 δν
973 2179 1062 2268 τύχῃ,
1082 2181 1176 2269 ληρεῖ
1190 2192 1265 2261 τοῖς

236 2282 480 2370 ἐντυγχάνουσιν
499 2281 760 2365 ἐπιδεικνύμενος
777 2277 822 2360 ῶς
840 2277 916 2348 οὐδὲ
935 2278 1002 2369 ὁδῷ
1018 2283 1164 2367 βαδίζων
1180 2280 1264 2368 άμε-

236 2385 294 2472 λής
312 2383 383 2451 ἐστι
400 2391 465 2451 τῶν
476 2390 627 2464 Μουσῶν,
649 2380 717 2449 ἄλλ’
729 2382 762 2464 ἐς
778 2381 877 2450 καλὸν
893 2380 951 2470 τὴν
968 2382 1002 2450 ἐν
1018 2390 1066 2472 τηῦ
1084 2376 1264 2474 περιπάτηι

184 2507 218 2557 26
237 2487 427 2554 διατίθεται
446 2485 574 2573 σχολήν.
611 2482 651 2552 οὐ
671 2483 732 2552 δ’ὁ
751 2481 872 2565 άθλιος
888 2483 932 2552 τά
947 2486 1007 2571 μὲν
1023 2486 1263 2576 παραδραμὼν,

234 2587 278 2656 τά
295 2590 331 2656 δὲ
347 2590 451 2678 βάδην
470 2585 592 2656 άναντα
608 2585 718 2654 πολλὰ
735 2590 791 2682 καλ
808 2588 950 2655 κάταντα
969 2627 1014 2637 -
1033 2589 1169 2676 τοιαύτη
1187 2586 1263 2679 γάρ,

234 2688 281 2771 ῶς
300 2689 417 2771 οἶσθα,
441 2688 639 2779 ἡπόλις-
656 2686 844 2779 περιελθὼν
865 2689 1009 2778 ἵδρωκάς
1028 2716 1065 2758 τε
1085 2694 1141 2759 καί
1162 2717 1266 2760 πνευ-

236 2800 339 2882 στιᾷς,
359 2791 506 2877 κάκείνου
525 2793 616 2861 ἐνδον
633 2795 698 2859 τινὶ
710 2798 776 2859 τῶν
789 2794 905 2880 φίλων,
924 2790 1010 2879 πρὸς
1024 2792 1060 2862 ὃν
1073 2785 1168 2882 ἦλθε,
1189 2794 1266 2885 δια,-

113 2950 119 2961 ,
234 2897 423 2980 λεγομένοῦ,
450 2896 533 2982 μηδὲ
552 2891 638 2961 ὅπου
660 2895 800 2982 καθίζῃς
822 2893 901 2976 ἐχων
922 2891 1028 2983 ὀρθὸς
1044 2892 1101 2964 ὐπ’
1116 2892 1267 2985 άπορίας

235 2993 485 3084 ἀναγιγνώσκεις
510 2993 548 3063 τὸ
574 3000 703 3082 βιβλίον
728 2997 1034 3086 προχειρισάμενος·
1062 2996 1198 3067 ἐπειδὰν
1224 3000 1265 3068 δδ

235 3094 352 3167 ἄσιτόν
369 3100 478 3165 τεκαὶ
500 3094 625 3166 άποτον
646 3097 666 3188 ἡ
688 3097 746 3180 νὺξ
765 3099 946 3188 καταλάβῃ,
975 3100 1176 3186 λουσάμενος
1196 3126 1266 3169 πο-

233 3207 339 3289 νηρῶς
356 3196 442 3289 ὐωρὶ
459 3203 537 3288 περί
559 3199 639 3270 αὐτά
663 3227 729 3269 που
748 3199 863 3284 σχεδὸν
884 3198 922 3269 τὸ
945 3202 1155 3297 μεσονύκτιον
1171 3199 1266 3292 ἥκεις

234 3301 292 3372 ἐπὶ
308 3301 347 3372 τὸ
366 3305 499 3372 δεῖπνον
518 3299 626 3371 οὐκέθ’
645 3299 769 3388 ὁμοίως
790 3303 919 3390 ἐ’ντιμος
941 3300 1018 3372 οὐδὲ
1039 3307 1266 3394 περίβλεπτος

232 3418 305 3486 τοῖς
321 3412 495 3496 παροῦσιν,
520 3402 588 3473 ἀλλ’
604 3402 642 3493 ἤν
659 3431 711 3485 τις
729 3402 826 3486 άλλος
844 3405 1024 3498 ἐπεισέλθῃ
1041 3409 1263 3496 νεαλέστερος,

235 3507 269 3589 ἐς
285 3505 434 3577 τούπίσω
454 3506 504 3591 σύ,
523 3511 579 3575 καὶ
597 3504 702 3588 οὐτως
719 3506 752 3587 ἐς
764 3506 822 3597 τὴν
834 3506 1034 3599 ἀτιμοτάτην
1045 3514 1166 3598 γωνίαν
1179 3508 1266 3592 ἐξω-

234 3606 331 3690 σθεὶς
348 3611 538 3679 κατάκεισαι
554 3610 679 3699 μάρτυς
694 3610 796 3695 μόνον
811 3617 877 3680 τῶν
894 3618 1189 3703 παραφερομένων,
1215 3610 1265 3681 τὰ

233 3711 331 3796 ὐστᾶ,
358 3713 389 3780 εί
411 3711 559 3802 ἐφίκοιτο
580 3718 675 3798 μέχρι
701 3718 775 3795 σοῦ,
801 3713 958 3804 καθάπερ
981 3714 1014 3782 οί
1033 3715 1126 3795 κύνες
1146 3738 1266 3804 περιε-

234 3812 386 3904 σθίωνῆ
412 3814 449 3884 τὸ
477 3813 615 3903 σκληρὸν
639 3820 698 3902 τῆς
722 3816 870 3905 μαλάχης
895 3818 1032 3907 φύλλον,
1061 3806 1153 3905 ᾦτὰ
1175 3813 1266 3884 άλλα

235 3919 450 3999 συνειλοῦσιν,
478 3918 508 3985 εί
533 3915 744 4007 ὑπεροφθείη
765 3915 833 3986 ὐπὸ
855 3925 921 3986 τῶν
942 3923 1264 4008 προκατακειμένων,

232 4015 376 4105 άσμενος
396 4016 463 4088 ὐπὸ
486 4022 583 4106 λιμοῦ
604 4019 861 4110 παροψώμενος.
902 4019 939 4091 οὐ
960 4021 1024 4111 μὴν
1046 4018 1153 4110 οὐδῆ
1176 4017 1265 4111 άλλη
