2722 4646
216 261 262 329 40
601 268 880 325 Δοτιωεαον-

266 385 406 443 ΠΛΟΥΤ.
456 371 520 444 θῦν
542 370 649 461 δλίγα,
683 364 840 463 ὦἙρμῆ,
869 374 924 440 καί
950 369 1036 464 πρὸς
1061 373 1162 442 τοῦτό
1187 398 1249 460 μοι

217 480 479 567 συναγωνίζεται.

267 591 355 647 ΕΡΜ
403 580 450 651 Τὰ
464 593 568 664 ποῖα,

267 692 406 749 ΠΛΟΥΤ.
438 682 592 753 Ἐπειδόν
608 706 660 761 τις
678 678 866 765 ἐντυχὼν
832 707 871 750 το
889 687 1023 772 πρῶτον
1036 646 1253 764 ἀναπετόσας

214 785 273 878 τὴν
299 788 429 912 θύραν
435 785 606 873 έσδέχηταί
633 809 688 870 με,
728 790 1046 877 συμπαρεισέρχεται
1074 782 1143 870 μετ’
1166 784 1252 870 ἐμοῦ

217 886 368 959 λαθών“
351 917 369 958 ο
383 895 489 978 τῦφος
506 884 592 954 καί
573 915 593 976 η
609 883 706 955 ἀνοια
721 884 808 954 καὶ(
789 915 809 977 η
822 890 1023 976 μεγαλαυχία
1035 891 1254 974 καιμαλακία

216 996 272 1061 καλ
288 990 383 1080 ῦβρις
400 994 455 1058 καί
473 988 585 1079 ἀπάτη
603 993 659 1056 καὶ
673 986 741 1056 ἀλλ’
756 986 840 1058 ἀττα
852 995 969 1079 μυρία·
986 989 1054 1059 ῦπδ
1069 990 1108 1080 δὴ
1121 991 1252 1058 τούτων

204 1093 373 1164 »ἀπόντων
402 1095 630 1183 καταληφθεὶς
660 1090 718 1180 τὴν
743 1090 851 1181 ψυχὴν
881 1093 1050 1177 θαυμάζει
1074 1118 1112 1161 τε
1137 1089 1180 1161 τὰ
1207 1089 1249 1160 οῦ

216 1195 400 1282 θαυμαστὰ
421 1198 476 1263 καὶ
498 1192 647 1283 ὀρέγεται
667 1201 734 1262 τῶν
756 1200 904 1284 φευκτῶν
926 1192 1009 1280 κάμὲ
1029 1194 1086 1263 τὸν
1113 1195 1251 1264 πάντων

217 1299 347 1369 ἐκείνων
364 1303 493 1384 πατέρα
509 1304 576 1366 τῶν
594 1294 856 1384 εἰσεληλυθότων
877 1305 984 1367 κακῶν
1001 1303 1131 1386 τέθηπε
1150 1299 1252 1384 δορυ-

217 1403 421 1492 φορούμενον
437 1397 493 1468 ἀπ’
510 1398 631 1482 αὐτῶν,
659 1403 714 1466 καί
731 1401 842 1468 πάντα
858 1399 1020 1490 πρότερον
1037 1401 1151 1468 πόθοι
1169 1395 1209 1467 ἀν
1227 1394 1252 1489 ἢ

217 1502 275 1588 ἐμέ
292 1508 463 1589 προέσθαι
480 1499 684 1587 ὑπομείνειεν
703 1498 753 1571 ἀν.

166 1629 198 1678 29
228 1632 232 1637 ·
268 1612 355 1668 ΕΡΜ.
395 1603 442 1685 Ὠς
461 1607 497 1673 δέ
519 1607 606 1685 λεῖος
629 1603 671 1687 εἶ,
700 1596 885 1687 ῶΠλοῦτε,
912 1606 968 1673 καί
990 1600 1171 1694 ὀλισθηρός
1191 1607 1251 1673 καλ

218 1709 418 1791 δυσκάτοχος
434 1710 490 1775 καί
508 1705 751 1798 διαφευκτικός,
776 1705 932 1792 οὐδεμίαν
951 1704 1124 1797 ἀντιλαβὴν
1142 1733 1251 1796 παρε-

214 1811 352 1896 χόμενος
368 1816 520 1897 βεβαίαν,
549 1807 617 1877 ἀλλ’
633 1805 753 1899 ῶσπερ
766 1810 802 1876 αλ
820 1808 958 1897 ἐγχέλεις
979 1807 1052 1899 ἢολ
1075 1807 1171 1899 ὄφεις
1189 1809 1249 1879 διὰ

215 1921 283 1981 τῶν
301 1914 465 1983 δακτύλων
484 1913 696 2002 δραπετεύεις
714 1909 772 1979 οῦκ
785 1909 850 1980 οἶδ’
866 1908 974 1992 ὅπως·
997 1908 1129 2001 ἡΠενία
1142 1909 1173 1979 δ’
1190 1912 1250 1996 ἐμ·
1354 1972 1355 1977 ,

216 2019 318 2084 παλιν
345 2016 465 2105 λξῶδης
491 2040 528 2081 τε
558 2017 614 2082 καὶ
640 2011 778 2102 εὐλαβὴς
806 2017 862 2082 καλ
887 2020 989 2103 μυρία
1018 2011 1061 2081 τά
1089 2010 1251 2101 ἄγκιστρα

217 2117 426 2208 ἐκπεφυκότα
448 2117 485 2199 ἐξ
505 2112 652 2196 ἀπαντυς
673 2123 732 2184 τοῦ
754 2118 909 2202 σώματος
931 2116 1063 2200 έχοοσα,
1093 2114 1139 2196 ῶς
1160 2120 1249 2205 πλη-

218 2222 398 2300 σιάσαντας
424 2216 528 2299 εὐθὺς
554 2219 692 2302 ’ἔχεσθαι
718 2218 839 2307 καὶμὴ
863 2219 945 2302 ’ἐχειν
971 2220 1094 2310 ῥηιδίως
1121 2217 1251 2286 ἀπολυ-

216 2330 329 2412 θῆναι.
366 2319 450 2389 ἀλλά
470 2320 591 2406 μεταξὺ
614 2324 840 2411 φλυαροῦντας
861 2319 947 2410 ἡμᾶς
968 2328 1106 2409 πρᾶγμα
1126 2320 1189 2409 ἤδη
1208 2317 1250 2389 ού

215 2421 332 2511 μικρὸν
351 2425 497 2492 διέλαθε.

268 2534 405 2589 ΠΛΟΥΤ
452 2523 495 2594 Τὸ
513 2539 629 2610 ποῖον,

212 2614 353 2693 m
389 2624 456 2699 Ὅτι
480 2626 538 2697 τὸν
565 2627 734 2720 θησαυρὸν
764 2625 823 2697 οόκ
853 2627 1105 2717 ἐπηγαγόμεθα,
1142 2618 1250 2718 οὗπερ

217 2732 285 2801 ἐδει
301 2733 458 2817 μάλιστα.

166 2857 215 2908 εο
268 2841 405 2895 ΠΛΟΥΤ
442 2834 561 2924 θάρρει
581 2835 699 2903 τούτου
716 2857 754 2920 γε
776 2833 881 2902 ἕνεκα·
909 2831 943 2902 ἐν
959 2839 999 2922 τῇ
1016 2839 1057 2922 γῇ
1076 2830 1174 2902 αῦτδν
1193 2831 1248 2904 ἀεὶ
1353 2858 1354 2889 ³

216 2933 407 3004 καταλιπὼν
424 2931 601 3022 ἀνέρχομαι
618 2933 695 3024 παρ’
711 2933 798 3021 ῦμᾶς
816 2935 1005 3023 ἐπισκήψας
1027 2937 1118 3005 ἔνδον
1137 2942 1249 3022 μένειν
1353 2928 1354 2951 ’

141 3065 143 3069 ’
217 3037 484 3123 ἐπικλεισάμενον
509 3035 566 3127 τὴν
592 3029 713 3128 θύραν,
747 3035 888 3126 ἀνοίγειν
916 3039 951 3106 δέ
975 3040 1103 3127 μηδενὶ,
1122 3036 1174 3129 ,ἢν
1200 3026 1264 3129 μηΙ

217 3139 297 3227 ἐμοῦ
315 3138 438 3229 ἀκούσῃ
455 3141 646 3230 βοήσαντος.

266 3250 354 3306 EPM·
398 3239 518 3312 Οῦκοῦν
535 3242 755 3330 ἐπιβαίνωμεν
776 3240 838 3333 ἤδη
856 3249 914 3330 της
931 3238 1088 3331 Ἀττικῆς·
1115 3249 1173 3311 καί
1186 3268 1249 3329 μοι

216 3345 300 3414 ἐπου
319 3344 471 3431 ἐχόμενος
488 3352 547 3435 τῆς
560 3347 741 3431 χλαμύδος,
766 3343 840 3437 ἀχρι
858 3343 898 3413 ἀν
914 3343 1001 3433 πρὸς
1018 3344 1075 3434 τὴν
1094 3344 1248 3430 ἐσχατιὰν

217 3445 400 3537 ἀφίκωμαι.
1179 3482 1184 3487 ·
1352 3452 1353 3461 ’

211 3612 217 3615 .
267 3557 405 3613 ΠΛΟΥΤ.
437 3540 488 3619 Εῦ
505 3564 628 3634 ποιεῖς,
649 3541 677 3619 ῶ
691 3549 803 3639 Ἑρμῆ,
820 3557 1043 3640 χειραγωγῶν·
1062 3550 1135 3619 ἐπεὶ
1152 3548 1191 3640 ἥν
1208 3576 1247 3640 γε

215 3649 386 3742 ἀπολίπῃς
401 3678 457 3737 με,
473 3649 656 3741 Ὑπερβόλῳ
673 3654 759 3736 τύχα
775 3651 796 3742 ἢ
813 3657 939 3722 Κλέωνι
957 3652 1165 3739 ἐμπεσοῦμαι
1182 3678 1247 3722 πε-

215 3762 384 3844 ρινοστῶν.
421 3751 505 3822 ἀλλὰ
526 3761 577 3837 τίς
594 3752 613 3824 ό
630 3756 747 3845 ψόφος
769 3747 866 3836 οὗτός
888 3755 958 3823 ἐστι
974 3756 1131 3843 καθάπερ
1150 3757 1247 3845 σιδή·

217 3881 277 3945 ρου
295 3854 381 3945 πρὸς
398 3859 513 3941 λίθον,·

164 3980 197 4032 81
267 3966 353 4021 EPM·
392 3956 549 4044 ὉΤίμων
573 3957 688 4028 οῦτοσὶ
710 3961 849 4030 σκόπτει
870 3964 1011 4049 πλησίον
1037 3957 1163 4049 ὀρεινὸν
1187 3962 1245 4028 καί

216 4055 384 4130 ῦπόλιθον
408 4061 530 4149 γήδιον.
574 4076 702 4146 παπαῖ,
729 4066 786 4131 καλ
806 4060 826 4151 ἦ
848 4069 949 4132 Πενία
974 4064 1117 4155 πάρεστι
1140 4064 1195 4131 καί
1223 4057 1247 4135 δ
