2728 4636
146 291 174 341 X
506 312 508 317 >
588 290 656 333 vm
673 288 802 334 Lucum.

146 370 212 462 csse
229 403 353 460 omnium
371 419 514 457 consensu
535 401 621 457 hodie
639 418 686 458 ex·
737 362 1258 481 EpigrammataiLXXXIl.)nonin.'
1363 419 1364 440 1

148 483 194 529 tra
203 472 409 527 dubitationem
422 471 547 541 positum
556 471 685 524 habetur.
705 476 828 524 ventam
839 468 1109 541 codicibusLuciani
1131 474 1180 527 sed
1190 490 1243 542 per

148 544 210 599 Nec
232 540 545 619 Tragoedopodagram
565 537 687 592 Luciani
704 537 907 618 Anthologiam
924 539 1084 593 Palatinam
1102 513 1241 611 dispersa,

146 627 212 665 esse
226 609 288 679 jam
301 610 339 664 ab
356 609 421 662 ahis
438 607 615 661 intellectum
632 613 685 675 est,
704 621 828 675 prrorum
842 606 981 660 emtarum
995 608 1123 679 exemplo
1138 609 1241 680 adjeci,

146 679 200 733 etsi
219 677 264 732 ‘ab
291 682 407 731 auctore
439 675 571 744 scriptam
597 675 685 728 multo
705 673 757 728 etsi
772 691 809 727 an
822 673 883 727 ulla
895 674 970 739 inter
983 691 1018 729 ea
1028 676 1084 729 sint
1093 676 1130 730 ab
1139 677 1244 733 Lucia·

146 764 232 819 quam
241 746 365 800 imitator
373 745 434 812 ejus
443 743 498 796 fuit
506 743 647 812 peritiora
704 760 741 796 no
753 741 945 798 samosatensi
958 744 1065 813 scripta
1077 745 1169 798 minus
1185 763 1243 799 cer·

182 813 312 884 Longius
330 828 386 882 *pro
423 810 480 865 essi
506 811 555 864 alii
580 811 686 881 scripta
704 817 763 865 mm
785 811 823 863 sit
845 826 929 883 quam
951 813 1134 881 grammatico
1152 813 1243 867 visum

147 884 207 939 alia
221 883 305 952 plura
325 880 356 933 in
398 879 583 938 ubitationem
601 895 686 933 voca·
705 885 749 933 est
763 878 812 949 qui
826 877 1020 947 epigrammati
1034 882 1159 935 secundo
1175 881 1243 954 (An-

135 955 213 1005 runt
222 949 396 1029 argumentis
406 948 500 1002 allatis
514 947 616 1016 partim
624 949 685 1000 nul·
704 946 876 1001 thol.Palat
890 947 916 1012 9,
930 946 1001 1020 367.)
1019 948 1048 1000 in
1065 947 1139 1002 libro
1158 951 1247 1004 Pala-¹

146 1020 182 1073 lis
196 1024 298 1089 partun
312 1016 466 1075 levioribus
482 1032 565 1085 quam
578 1016 608 1068 in
622 1015 686 1069 tali-
702 1016 763 1069 tino
794 1014 977 1084 praescripsit
1001 1019 1161 1069 Λουκιανοῦ
1192 1022 1243 1071 τοῦ

146 1082 686 1157 busquaestionibusopuscst.0ptan-
703 1089 889 1151 Σαμοσατέωε
918 1088 969 1136 τοῦ
1000 1083 1114 1149 ἐπίκλην
1142 1083 1243 1140 ἀθέου.

147 1151 684 1223 dumtameneatutomnishaecquae-
702 1151 882 1222 Epigramma
913 1151 990 1221 quod
1015 1148 1159 1206 Lucienu's
1191 1170 1244 1207 suo

148 1225 202 1277 atio
225 1221 386 1277 accuratius
411 1237 495 1290 quam
521 1220 616 1273 adhuc
642 1219 685 1273 fc·
702 1220 792 1290 ipsius
815 1219 889 1273 libro
913 1219 998 1273 alicui
1024 1220 1083 1273 sive
1106 1220 1244 1275 librorum

147 1298 224 1346 ctum
241 1295 287 1344 est
302 1293 503 1358 pertracteturz
526 1305 582 1358 quo
605 1288 684 1342 facto
705 1287 866 1341 collectioni
892 1285 1072 1356 inscripsisse
1098 1286 1244 1342 ferebatur

147 1376 206 1414 non
220 1374 322 1427 negem
334 1356 396 1410 ficri
409 1372 495 1425 posse
504 1362 537 1409 ut
549 1373 635 1409 unum
644 1356 685 1409 al·
704 1355 747 1429 (τὸ
761 1361 808 1423 τῆς
819 1354 919 1425 βίβλου
932 1354 1102 1428 ἐπίγραμμα)
1121 1372 1154 1409 ex
1167 1357 1243 1410 Pho·

147 1431 239 1481 terum
259 1442 294 1480 ue
303 1425 441 1492 libellum,
448 1430 532 1496 quem
540 1441 615 1478 nunc
625 1424 684 1478 sine
703 1425 743 1479 tio
762 1441 848 1493 supra
870 1425 1053 1493 apposuimus
1071 1442 1099 1505 p.
1111 1424 1147 1480 V.
1165 1425 1244 1495 quod

147 1500 217 1549 nota
254 1493 340 1562 imisi,
353 1492 490 1548 'Luciano
509 1491 685 1563 suppositum
703 1509 761 1547 non
770 1492 874 1564 legitur
883 1491 913 1545 in
921 1490 1105 1563 Anthologra.

147 1567 366 1633 csseappareat
