2722 4646
417 244 469 298 III.
485 244 634 299 NIPPIN
639 244 694 299 ΟΣ
712 243 832 298 14--21,
1100 231 1141 296 19

161 346 254 421 δύτω
285 347 325 437 δὴ
354 349 617 435 βουλευσάμενος
645 350 701 415 καί
731 332 938 434 καθάπερ’δ
968 345 1052 429 Ζεύς
1084 349 1141 419 τὸν
1160 371 1192 421 18

92 449 241 542 Ἕκτορα
259 448 473 539 ὑπεξαγαγὼν
491 449 631 537 ἐμαυτὸν
649 449 684 517 έκ
699 452 831 536 βελέων,
850 453 960 539 φησὶν,

174 554 211 624 ἔκ
227 550 255 622 τ’
272 551 506 644 ἀνδροκτασίης
523 552 559 621 έκ
574 550 611 621 θ’
621 553 763 637 αἵματος
780 551 815 620 έκ
831 577 867 619 τε
885 554 1057 639 κυδοιμοῦ,

99 657 144 730 τὸ
169 656 290 726 λοιπὸν
312 657 473 746 οἰκουρεῖν
494 655 628 745 εἱλόμην
644 658 699 723 καί
716 661 789 742 βίον
806 654 880 723 τινὰ
896 662 1012 723 τοῦτον
1029 683 1141 743 γυναι-

100 761 198 850 κώδη
220 763 277 828 καί
298 754 440 844 ἀτολμον
461 771 534 839 τοῖς
554 760 693 838 πολλοῖς
716 758 872 825 δοκοῦντα
897 765 1140 847 προτιθέμενος

102 860 191 953 αὐτῇ
206 865 394 951 φιλοσοφίᾳ
404 863 460 928 καὶ
472 861 627 931 Πλάτωνι
638 864 695 928 καί
712 857 857 949 ἀληθείᾳ
873 863 1066 949 προσλαλῶ,
1086 866 1142 930 καὶ

102 972 255 1047 καθίσας
278 962 417 1048 ἐμαυτὸν
439 959 554 1051 ῶσπερ
577 962 610 1031 ίν
631 962 768 1053 θεάτρῳ
789 962 980 1053 μυριάνδρῳ
1007 964 1141 1054 σφόδρα

103 1095 175 1140 που
194 1071 361 1154 μετέωρος
378 1064 552 1134 ἐπισκοπῶ
568 1064 612 1133 τὰ
624 1066 811 1153 γιγνόμενα,
830 1071 927 1132 τοῦτο
942 1066 1001 1150 μὲν
1015 1065 1140 1154 πολλὴν

103 1174 323 1260 ψυχαγωγίαν
339 1170 396 1236 καὶ
413 1172 540 1256 γέλωτα
556 1172 712 1257 παρέχειν
728 1168 903 1253 δυνάμενα,
922 1174 1020 1236 τοῦτο
1035 1169 1139 1236 δὲκαὶ

103 1286 228 1362 πεῖραν
254 1268 374 1360 ἀνδρὸς
400 1269 447 1351 ιδς
468 1268 606 1362 ἀληθῶς
625 1276 763 1356 βεβαίαν
786 1273 908 1356 λαβεῖν.
945 1271 976 1338 εί
996 1270 1058 1360 γάρ
1078 1270 1138 1361 χρὴ
1159 1294 1190 1343 19

103 1379 162 1444 καί
179 1379 286 1442 κακῶν
304 1373 439 1445 έπαινσν
456 1373 571 1471 εἰπεῖν,
590 1369 635 1462 μὴ
653 1370 825 1461 ὑπολάβῃς
841 1372 952 1457 μεῖζόν
970 1399 1004 1440 τι
1017 1376 1140 1460 γυμνά-

12 1482 13 1489 '
104 1503 180 1547 σιον
204 1473 321 1564 ἀρετῆς
341 1472 363 1565 ἢ
382 1482 441 1564 τῆς
457 1483 566 1564 ψυχῆς
584 1475 780 1560 δοκιμασίαν
797 1471 1023 1564 ἀληθεστέραν
1039 1479 1140 1566 τῆσδε

103 1587 165 1670 τῆς
186 1580 318 1658 πόλεως
338 1580 394 1646 καὶ
415 1585 475 1666 τῆς
496 1578 643 1646 ἐνταῦθα
666 1580 850 1666 διατριβῆς·
877 1574 916 1644 ού
938 1577 1000 1667 γὰρ
1022 1578 1139 1668 μικρὸν

104 1680 270 1764 ἀντισχεῖν
291 1680 468 1760 τοσαύταις
488 1681 547 1766 μὲν
569 1680 782 1766 ἐπιθυμίαις,
805 1680 978 1761 τοσούτοις
1001 1682 1037 1748 δὲ
1054 1672 1145 1749 θεάζ

103 1790 191 1871 μυσί
214 1808 251 1851 τε
276 1786 332 1851 καί
354 1782 540 1869 ἀκούσμασι
562 1783 731 1852 πάντοθεν
754 1784 884 1853 ἕλκουσι
904 1788 960 1852 καί
983 1783 1139 1871 ἀντιλαμ-

105 1892 313 1975 βανομένοις,
343 1883 411 1953 ἀλλ’
431 1883 574 1970 ἀτεχνῶς
595 1887 648 1954 δεῖ
666 1883 725 1955 τδν
739 1883 892 1955 Ὀδυσσέα
912 1889 1138 1975 μιμησάμενον

108 1992 296 2078 παραπλεῖν
314 1985 398 2057 αύτδι
414 1988 462 2079 μὴ
477 1991 646 2075 δεδεμένον
658 1987 706 2057 τῶ
719 2001 819 2076 χεῖρε,
840 1985 947 2056 δειλδν
959 1986 1036 2078 γάρ,
1054 1991 1139 2077 μηδὲ

105 2090 149 2160 τὰ
175 2082 245 2159 ῶτα
271 2098 359 2180 κηρῷ
382 2091 598 2181 φραξάμενον,
622 2088 691 2159 ἀλλ’
709 2088 869 2160 ἀκούοντα
889 2093 945 2158 καί
967 2095 1139 2176 λελυμένον

103 2196 162 2262 καὶ
175 2191 313 2283 ἀληθῶς
326 2190 547 2284 ὑπερήφανον.
578 2194 684 2264 ἔνεστι
702 2196 739 2263 δδ
755 2197 810 2263 καὶ
828 2197 1032 2285 φιλοσοφίαν
1049 2201 1138 2262 θαυ-
1156 2214 1189 2264 κο

103 2297 213 2386 μάσαι
229 2302 517 2387 παραθεωροῦντα
533 2294 591 2386 τὴν
609 2298 770 2387 τοσαύτην
789 2294 913 2381 ἀνοιαν,
932 2301 1067 2367 καὶτῶν
1079 2305 1139 2388 τῆς

96 2401 205 2486 τύχης
226 2396 364 2488 ἀγαθῶν
383 2412 601 2490 καταφρονεῖν
622 2398 751 2489 δρῶντα
774 2396 887 2487 ῶσπερ
910 2400 944 2469 έν
965 2408 1063 2492 σκηνῇ
1081 2405 1138 2470 καί

103 2503 367 2591 πολυπροσώπῳ
381 2502 526 2592 δράματι
537 2501 594 2570 τὸν
605 2503 665 2587 μέν
680 2503 716 2585 ἒξ
728 2502 854 2572 οἰκέτου
863 2502 1030 2591 δεσπότην
1038 2520 1138 2591 προῖ-

106 2605 199 2687 ύντα,
221 2602 279 2673 τὸν
298 2602 329 2672 δ’
346 2602 418 2673 ἀντί
434 2608 598 2673 πλουσίου
616 2610 755 2693 πένητα,
777 2603 836 2673 τὸν
853 2605 890 2672 δέ
908 2607 1081 2694 σατράπην
1103 2605 1138 2673 ἐκ

103 2713 244 2795 πένητος
259 2704 282 2796 ἢ
298 2709 452 2792 βασιλέα,
470 2705 528 2776 τὸν
546 2708 583 2776 δέ
601 2710 699 2797 φίλον
713 2707 851 2788 τούτου,
873 2704 931 2775 τὸν
949 2709 986 2775 δὲ
1004 2704 1134 2797 ἐχθρὸν,

102 2807 162 2878 τὸν
184 2811 221 2877 δέ
242 2811 391 2899 φυγάδα·
415 2815 515 2879 τοῦτο
536 2810 599 2900 γάρ
621 2835 675 2878 τοι
696 2812 750 2878 καί
772 2807 812 2878 τὸ
831 2809 1018 2878 δεινότατόν
1037 2808 1134 2892 ἐστιν,
1158 2868 1161 2872 1

103 2908 158 2982 δ’τι
179 2918 289 2981 καίτοι
308 2917 553 3003 μαρτυρομένης
573 2919 632 3002 τῆς
652 2912 754 3002 Τύχης
775 2914 906 2995 παίζειν
927 2910 971 2981 τδι
992 2918 1058 2980 τῶν
1080 2909 1137 2981 ἀν-

103 3014 256 3101 θρώπων
276 3015 457 3104 πράγματα
477 3019 533 3083 καί
555 3012 780 3104 ὁμολογούσης
799 3016 901 3104 μηδὲν
924 3013 1033 3084 αύτῶν
1051 3012 1136 3085 εἶναι

101 3122 249 3206 βέβαιον,
277 3114 368 3202 ὅμως
387 3114 487 3186 ταῦθ’
508 3114 668 3208 ὁσημέραι
689 3121 869 3204 βλέποντες
890 3113 1060 3209 ὀρέγονται
1081 3120 1137 3186 καί

102 3221 251 3292 πλούτου
273 3224 329 3289 καὶ
351 3223 542 3303 δυναστείας
562 3224 619 3290 καί
639 3224 756 3308 μεστοί
778 3228 930 3312 περιίασι
950 3222 1073 3301 πάντες
1095 3217 1133 3290 ού

102 3328 298 3414 γιγνομένων
315 3322 469 3393 έλπίδων.
502 3324 522 3393 ὃ
541 3326 577 3393 δὲ
595 3322 635 3413 δὴ
655 3323 746 3416 έφην,
765 3319 819 3393 δτι
834 3326 891 3392 καί
907 3327 1004 3412 γελῶν
1017 3323 1051 3392 ἓν
1063 3334 1135 3401 τοῖς
1151 3338 1184 3390 21

102 3432 305 3517 γιγνομένοις
334 3416 439 3496 ἐ’νεστι
463 3429 519 3495 καί
544 3432 835 3516 ψυχαγωγεῖσθαι,
865 3433 964 3496 τοῦτο
990 3422 1053 3514 ἤδη
1080 3447 1135 3492 σοι

103 3529 236 3619 φράσω.
271 3535 346 3610 πῶς
371 3527 433 3616 γὰρ
456 3526 494 3596 οῦ
516 3533 642 3618 γελοῖον
661 3530 721 3615 μὲν
744 3529 777 3597 οί
798 3532 1016 3607 πλουτοῦντες
1038 3522 1135 3597 αύτολ

102 3634 159 3700 καί
182 3629 244 3713 τὰς
269 3632 482 3722 πορφυρίδας
506 3638 747 3722 προφαίνοντες
771 3634 827 3698 καί
851 3628 930 3710 τούς
955 3627 1134 3709 δακτύλους

102 3740 328 3823 προτείνοντες
344 3737 400 3802 καί
417 3731 542 3822 πολλὴν
557 3740 811 3823 κατηγοροῦντες
824 3728 1077 3823 ἀπειροκαλίανς
1092 3729 1132 3800 τὸ

103 3837 140 3906 δὲ
156 3836 356 3919 καινότατον,
380 3836 458 3917 τοῦς
476 3834 725 3924 ἐντυγχάνοντας
742 3833 900 3924 ἀλλοτρίᾳ
916 3839 1011 3925 φωνῇ
1027 3857 1135 3924 προσ·

17 4022 19 4025 ¹
103 3940 328 4029 αγορεύοντες,
348 3936 480 4027 ἀγαπᾶν
498 3936 679 4021 ἀξιοῦντες,
703 3934 756 4006 δτι
771 3937 872 4024 μόνον
890 3935 1012 4018 αύτούς
1027 3959 1134 4028 προσ-

103 4046 267 4133 έβλεψανς
286 4042 319 4110 οί
333 4042 369 4110 δέ
383 4041 573 4135 σεμνότεροι
589 4045 643 4111 καί
662 4048 926 4133 προσκυνεῖσθαι
942 4045 1133 4134 περιμένον-

924 4139 960 4203 21
