2740 4648
426 269 490 326 XX.
517 271 782 328 ΕΡΜΟΤΙΜΟΣ
805 273 890 328 6-8.
1109 263 1175 330 283

135 377 194 468 τὴν
212 373 424 461 εὐδαιμονίαν
442 371 528 446 εἶναι
544 377 704 470 τὴν-ἐκιῖς
729 372 749 472 ἦ
771 406 839 452 που
860 381 935 453 τινὰ
955 385 1101 454 πλοῦτον
1118 386 1175 453 καί

137 487 237 569 δόξαν
253 487 310 553 καί
327 480 448 572 ἡδονὰς
467 480 751 574 ἀνυπερβλήτους,·
988 567 992 575 ,

187 603 275 660 ΕΡΜ,
309 583 475 676 Εὐφήμει,
495 578 523 653 ῶ
542 586 667 677 ἑταῖρε·
685 586 781 657 οὐδὲν
797 587 861 678 γάρ
879 585 951 656 ἐστι
966 595 1071 658 ταῦτα
1087 589 1174 681 πρὸς

136 696 196 760 τὸν
214 689 247 760 έν
264 695 305 779 τῇ
324 686 423 779 ἀρετῇ
440 692 526 776 βίον.

188 809 273 865 ΛΥΚ
300 789 396 862 Ἀλλὰ
410 797 483 860 τίνα
498 794 582 881 φησί
594 789 741 879 τάγαθὰ,
760 791 969 884 υίμὴταῦτα,
990 793 1073 877 ἕξειν
1086 791 1173 884 πρδς

17 917 22 923 “
135 895 177 964 τὸ
194 899 288 976 τέλος
304 900 364 983 τῆς
381 891 552 983 ἀσκήσεως
569 893 747 979 έλθόνταςς

188 1013 277 1070 ΕΡΜ.
311 1001 442 1087 Σοφίαν
458 998 515 1065 καί
533 993 685 1086 ἀνδρείαν
702 1001 758 1066 καὶ
779 995 819 1067 τὸ
841 997 942 1067 καλὸν
960 995 1041 1068 αάτδ
1058 1000 1115 1068 καί
1131 995 1171 1071 τδ

138 1102 266 1172 δίκαιον
287 1096 403 1169 καὶτὸ
425 1100 537 1169 πάντα
555 1099 764 1169 ἀπίστασθαι
784 1107 929 1189 βεβαίως
950 1107 1172 1188 πεπεισμένον
1200 1112 1205 1117 ’

136 1194 158 1295 ᾗ
177 1203 299 1272 ἕκαστα
316 1201 397 1286 ἔχει·
414 1202 581 1284 πλούτους
598 1204 707 1271 δὲκαὶ
725 1204 824 1285 δόξας
837 1207 893 1271 καί
905 1202 1025 1294 ἡδονὰς
1038 1209 1095 1273 καὶ
1108 1200 1173 1274 &aa

135 1311 197 1375 τοῦ
211 1304 374 1391 σώματος,
392 1311 498 1373 ταῦτα
510 1306 622 1374 πάντα
634 1307 724 1374 κάτω
738 1303 837 1395 ἀφείς
849 1310 904 1374 καί
918 1303 1173 1392 ἀποδυσάμενος

138 1405 316 1496 ἀνέρχεται,
337 1403 452 1494 ῶσπερ
469 1411 556 1497 φασί
572 1406 629 1477 τδν
638 1406 795 1495 Ἡρακλέα
813 1407 846 1476 δν
862 1415 904 1498 τῇ
920 1410 998 1498 Οἴτη
1011 1436 1174 1478 κατακαν-

137 1515 243 1578 θέντα
259 1507 343 1578 θεὸν
359 1514 532 1597 γενέσθαι·
554 1513 610 1578 καί
626 1509 688 1601 γὰρ
708 1511 828 1592 ἐκεῖνος
846 1507 1026 1596 ἀποβαλὼν
1046 1510 1172 1582 ὁπόσον

138 1608 354 1701 ἀνθρώπειον
376 1609 443 1696 εἶχε
463 1611 557 1700 παρὰ
578 1618 636 1701 τῆς
657 1611 780 1701 μητρὸς
805 1617 862 1681 καί
886 1615 1037 1700 καθαρόν
1059 1641 1095 1683 τε
1117 1618 1173 1683 καὶ
1226 1657 1229 1661 -

137 1712 301 1804 ἀκήρατον
319 1719 430 1804 φέρων
447 1714 486 1782 τδ
505 1722 601 1784 θεῖον
619 1712 784 1784 ἀνέπτατο
808 1714 842 1794 ές
862 1714 942 1796 τοὺς
962 1715 1066 1796 θεοὺς
1084 1719 1173 1785 διεο-

137 1817 291 1905 κρινηθέν
309 1814 377 1885 ἀπὸ
395 1824 455 1885 τοῦ
473 1818 590 1904 πυρός.
625 1821 682 1884 καί
703 1807 796 1884 οὗτοι
818 1816 857 1904 δὴ
877 1814 944 1884 ἀπὸ
967 1822 1173 1908 φιλοσοφίας

138 1915 254 2007 ὥσπερ
277 1915 457 2000 ἀπότινος
478 1917 585 2010 πυρὸς
607 1916 740 2005 ἅπαντα
765 1925 870 1987 ταῦτα
892 1928 1169 2010 περιαιρεθέντες,

136 2021 255 2103 ἀτσῖς
277 2018 393 2102 ἀλλοις
411 2020 594 2107 θαυμαστὰ
621 2018 706 2090 εἶναι
733 2022 824 2089 δοκεῖ
849 2019 907 2089 οὐκ
933 2020 1048 2109 ὀρθῶς
1075 2023 1173 2105 δοξά-

139 2125 264 2207 ζουσιν,
293 2120 488 2205 ἀνελθόντες
510 2123 568 2193 ἐπί
588 2117 627 2193 τδ
641 2122 749 2215 ἀκρον
771 2122 1005 2211 εὐδαιμονοῦσι
1025 2126 1171 2195 πλοότοο

138 2230 194 2296 καί
212 2227 310 2314 δόξης
326 2228 383 2294 καὶ
399 2224 525 2316 ἡδονῶν
544 2223 612 2296 ἀλλ’
628 2224 705 2296 οάδδ
725 2233 924 2314 μεμνημένοι
946 2231 1009 2311 ότι,
1035 2254 1172 2317 καταγε-

138 2332 259 2410 λῶντες
276 2330 313 2398 δὲ
330 2335 396 2397 τῶν
415 2329 572 2415 οἰομένων
588 2336 694 2399 ταῦτα
712 2327 806 2400 εἶναι.
831 2370 834 2373 ·

189 2448 274 2504 ΛΥΚ
313 2431 366 2521 Νὴ
383 2430 440 2500 τὸν
454 2429 623 2522 Ἡρακλέα,
643 2423 871 2521 ἀἙρμότιμε,
889 2432 948 2502 τὸν
965 2433 1000 2503 έν
1019 2436 1096 2524 Οἴτῃ
1116 2433 1172 2504 ἀν-
1190 2455 1208 2509 8

139 2536 234 2626 δρεῖα
250 2537 306 2603 καὶ
323 2531 504 2621 εὐδαίμονα
521 2537 625 2623 λέγεις
641 2539 721 2623 περὶ
739 2532 856 2605 αὐτῶν.
891 2534 977 2624 πλὴν
995 2535 1079 2605 ἀλλὰ
1094 2538 1173 2606 τόδε

137 2662 198 2723 μοι
215 2637 303 2721 εἰπέ,
325 2640 382 2705 καί
399 2642 611 2729 κατέρχονταί
626 2662 710 2706 ποτε
729 2637 764 2704 έκ
780 2645 839 2725 τῆς
857 2634 971 2726 ἀκρας,
994 2636 1035 2727 ἢν
1053 2637 1173 2725 ἐθελή-

138 2763 233 2821 σωσι,
250 2740 451 2831 χρησόμενοι
466 2752 538 2820 τοῖς
555 2741 646 2808 κάτω
664 2739 686 2808 ἀ
703 2743 991 2822 καταλελοίπασιν,
1010 2738 1031 2830 ἢ
1049 2737 1170 2828 ἀνάγκη

138 2837 233 2925 ἅπαξ
258 2840 460 2924 ἀνελθόντας
486 2840 605 2924 αότοδς
631 2848 739 2928 μένειν
764 2843 820 2912 καί
843 2856 988 2912 συνεῖναι
1008 2848 1048 2933 τῇ
1072 2839 1170 2932 ἀρετῇ

136 2945 285 3013 πλούτου
303 2949 359 3015 καί
378 2948 476 3036 δόξης
493 2949 549 3015 καί
566 2943 694 3035 ἡδονῶν
711 2949 975 3035 καταγελῶντας,

189 3055 276 3111 ΕΡΜ
314 3046 358 3117 θά
375 3051 476 3134 μόνον
493 3056 607 3133 τοῦτο,
635 3040 815 3134 ἀΛοκῖνε,
844 3046 912 3118 ἀλλ’
928 3048 967 3130 ὃς
988 3046 1028 3117 ἀν
1050 3045 1175 3117 ἀποτε-

135 3151 245 3237 λεσθῇ
262 3149 349 3238 πρὸς
362 3146 488 3239 ἀρετὴν,
508 3149 584 3221 οότε
596 3150 677 3243 ἀργῇ
692 3150 769 3221 οότε
782 3155 880 3244 φόβῳ
896 3148 962 3220 οὔτ’
974 3150 1174 3237 ἐπιθυμίαις

137 3246 158 3319 ό
176 3257 329 3332 τοιοῦτος
346 3248 386 3320 ἀν
404 3254 566 3336 δουλεύοι,
586 3253 665 3323 οὐδὲ
681 3259 822 3324 λυποῖτο
827 3307 838 3338 ,
858 3252 936 3322 οὐδὲ
953 3248 1039 3332 όλως
1056 3255 1174 3333 πόθος

138 3351 189 3422 ἔτι
205 3359 358 3423 τοιοῦτον
375 3357 489 3423 πόθοι
507 3353 557 3423 ἀν.

189 3470 275 3528 ΛΥΚ
313 3460 380 3526 Καὶ
400 3457 464 3547 μὴν
486 3459 520 3526 εἰ’
537 3462 575 3546 γέ
594 3483 637 3542 με
663 3459 716 3526 δεῖ
738 3458 839 3545 μηδέν
862 3454 1042 3544 ὀκνήσαντα
1068 3456 1174 3525 εἰπεῖν

136 3554 284 3649 τάληθές
300 3596 345 3613 -
366 3556 435 3628 ἀλλ’
451 3558 609 3650 εὐφημεῖν
628 3559 704 3648 χρὴ,
734 3557 841 3645 οἶμαι,
869 3560 953 3648 μηδὲ
975 3554 1067 3628 όσιον
1089 3555 1174 3628 εἶναι

138 3659 299 3746 έξετόζειν
316 3660 359 3732 τδι
376 3660 444 3737 ἀπὸ
463 3670 535 3732 τῶν
547 3671 662 3753 σοφῶν
678 3664 862 3752 γιγνόμενα.

188 3780 274 3837 ΕΡΜ,
308 3767 505 3865 Μηδαμῶς,
514 3763 583 3835 ἀλλ’
601 3766 676 3835 εἰπέ
693 3763 714 3836 ό
731 3793 765 3834 τι
781 3769 837 3834 καί
854 3769 968 3854 λέγεις.

188 3882 273 3940 ΛΥΚ
305 3865 394 3958 Ὅρα,
413 3859 442 3937 τό
461 3867 585 3957 ἕταῖρε,
604 3865 652 3950 ῶς
670 3869 771 3958 ’ἔγωγε
788 3873 844 3938 καὶ
860 3870 949 3938 πάνυ
969 3865 1064 3937 όκνῶ.

188 3982 276 4042 Em
307 3968 402 4041 Ἀλλὰ
418 3971 465 4061 μὴ
485 3968 585 4056 όκνει,
614 3962 641 4040 ιά
658 3984 799 4060 γενναῖε,
826 3973 914 4063 πρός
934 3996 972 4061 γε
992 3970 1101 4059 μόνον·
1115 3968 1174 4058 ίμδ

137 4068 250 4157 um.
