2724 4634
220 227 287 293 110
605 232 867 303 Λοετελαοε
1096 306 1101 313 ,

218 368 316 432 μενον
329 344 446 431 ῥυῆναι
458 336 517 408 διὰ
528 343 589 406 τοῦ
603 332 730 428 ὀρόφου
744 333 796 406 ἐπ’
808 334 917 428 αύτῂν,
936 338 1112 427 δεξαμένην
1126 334 1159 406 δ’
1171 337 1255 410 ἐκεί-

167 450 172 547 ἶη
219 473 276 535 νην
294 444 327 526 ἐς
343 443 401 513 τὸν
417 442 541 511 κόλπον
562 445 783 529 καταρρέοντα
804 438 862 508 τόν
883 437 966 515 θεὸν
989 438 1149 528 ἐγκύμονα
1165 448 1261 529 γενέ·

221 555 318 618 σθαι.
353 551 451 614 τοῦτο
469 542 673 628 αἰσθόμενος
690 539 709 610 ό
727 540 851 632 πατὴρ,
876 539 991 631 άγριός
1011 568 1063 624 τις
1083 547 1141 611 καὶ
1158 545 1256 633 ζηλό-

219 673 326 730 τυπος
345 652 463 737 γέρων,
489 642 691 735 ἠγανάκτησε
717 647 775 711 καὶ
798 641 867 713 ύπό
894 669 983 725 τινος
1007 654 1256 732 μεμοιχεῦσθαι

221 752 352 841 οἰηθείς
370 746 471 839 αύτὴν
487 747 645 835 ἐμβάλλει
662 747 696 828 ἐς
712 745 770 836 την
785 745 927 833 κιβωτὸν
945 743 1022 838 άρτι
1037 761 1219 818 τετοιονῖαν.

186 877 203 927 2
271 869 351 926 AszP.
382 849 421 922 ‘H
436 853 472 920 δέ
488 856 523 919 τί
539 851 707 941 ἔπραττεν,
728 841 756 918 ὦ
775 855 858 933 om,
880 846 984 921 ῦπότε
1000 855 1157 936 καθίετο,·

273 962 358 1020 em.
389 951 483 1042 ’Υπέρ
502 950 602 1043 αὖτης
618 954 678 1040 μέν
696 953 802 1041 ἐσίγα,
827 944 856 1020 ὦ
873 957 979 1043 Δωρί,
1001 958 1059 1023 καὶ
1081 954 1178 1045 ἐφερε
1196 954 1259 1049 την

218 1060 409 1148 καταδίκην,
435 1055 475 1125 τὸ
496 1061 621 1147 βρέφος
643 1057 679 1124 δέ
700 1069 880 1146 παρῃτεῖτο
905 1057 951 1147 μὴ
979 1054 1167 1126 ἀποθανεῖν
1194 1059 1258 1126 δα-

219 1164 366 1253 κρύουσα
382 1162 439 1228 καλ
455 1166 503 1248 τῷ
521 1160 655 1247 πάππῳ
674 1160 867 1228 δεικνύουσα
889 1157 984 1243 αὐτὸ,
1007 1161 1182 1230 κάλλιπον
1201 1157 1258 1229 όν·

220 1265 260 1335 τὸ
279 1267 315 1334 δέ
332 1260 388 1332 ἀπ’
399 1260 534 1351 ἀγνοίας
550 1268 617 1329 τῶν
634 1268 741 1330 κακῶν
757 1259 937 1348 ύπεμειδία
954 1262 1041 1352 πρὸς
1052 1262 1110 1350 τὴν
1123 1264 1261 1331 θάίατ·

220 1394 290 1438 ταν.
318 1363 585 1452 ὑποπίμπλαμαι
598 1356 702 1445 αὖθις
715 1363 792 1446 τοὺς
802 1362 1003 1454 ὀφθαλμοὺς
1017 1367 1165 1455 δακρύων
1173 1390 1260 1456 μνηι

219 1470 407 1558 μονεύονσα
426 1465 544 1536 αύτοῦν.

273 1584 352 1640 ΔΩΡ.
386 1568 481 1657 Κάμὲ
499 1571 660 1661 δακρῦσαι
678 1568 757 1638 ἐποί
743 1576 847 1699 ίησας.
885 1568 953 1638 ἀλλ’
964 1554 1026 1659 ἤδη
1043 1575 1222 1653 τεθνᾶσιν,

274 1681 357 1736 ΘΕΤ
394 1670 570 1758 Οὐδαμῶς·
591 1672 723 1761 νήχεται
740 1671 801 1764 γὰρ
821 1673 871 1742 ἐτι
887 1700 907 1762 η
896 1668 1109 1759 ‘mssmbg
1089 1671 1258 1803 αμφὶτην

220 1781 365 1865 Σέριφον
383 1773 563 1859 ζῶντας’
524 1774 642 1857 αντοές
660 1777 883 1865 φυλάττουσα.

273 1886 352 1941 ΔΩΡ.
390 1885 430 1947 Τί
445 1869 504 1946 οῦν
522 1877 595 1962 οόχλ
612 1879 712 1964 σιύζογ
682 1903 759 1947 οιεν
778 1875 878 1966 αύτὴν
889 1890 963 1958 τοῖς
977 1874 1104 1946 ἁλιεῦσι
1121 1877 1258 1957 τούτοις

222 1980 458 2069 ἐμβαλοῦσαιέ
459 2008 477 2062 ς
493 1986 590 2049 τα
554 1983 668 2049 δίκτυα
690 1994 762 2062 τοῖς
779 1987 968 2072 Σεριφίοις,·
995 1981 1029 2050 οἱ
1047 1981 1082 2048 δέ
1100 1978 1259 2049 ἀνασπά-

222 2110 336 2165 σαντες
355 2085 505 2153 σαίσοοσι
523 2085 621 2174 δῆλον
640 2079 703 2152 ότι.

274 2195 358 2250 ΘΕΤ.
392 2177 443 2255 Fa}
465 2189 583 2274 λέγεις,
612 2181 698 2254 οῦτιο
721 2194 886 2272 ποιῶμεν·
911 2184 956 2276 μὴ
983 2182 1045 2277 γάρ
1068 2183 1255 2255 ἀπολέσθω

219 2290 302 2378 μήτε
321 2285 403 2377 αύτὴ
421 2288 503 2378 μήτε
521 2287 560 2357 τὸ
578 2289 715 2358 παιδίον
733 2284 839 2370 οὕτως
857 2285 894 2359 ἀν
910 2290 1020 2357 καλόν.

716 2475 758 2531 13.

436 2577 628 2636 ΕΝΙΠΕΩΣ
648 2577 722 2632 ΚΑΙ
742 2577 1039 2634 ΠΟΣΕΙΔΩΝΟΣ.

188 2713 201 2762 1
270 2706 371 2763 ENIIL
408 2695 452 2768 Ού
469 2699 554 2767 καλά
567 2705 680 2781 ταῦτα,
700 2689 919 2767 ὦΠόσειδον·
939 2698 1105 2786 εἰρήσεται
1119 2695 1182 2787 γάρ
1197 2695 1256 2766 τά-

220 2803 338 2886 ληθές·
356 2797 517 2869 ύπελθιόν
533 2826 598 2885 μου
615 2800 673 2888 τὴν
692 2800 854 2890 ἐρωμένην
872 2800 1041 2881 εἰκασθείς
1059 2800 1133 2887 ἐμοὶ
1147 2801 1256 2870 διεκό-
1344 2824 1345 2833 ’

220 2926 342 2992 ρεοσας
358 2901 416 2992 τὴν
433 2904 558 2971 παῖδα·
575 2899 596 2991 ἡ
615 2904 651 2970 δέ
665 2899 748 2991 η’ίετυ
760 2898 817 2971 ἀπ’
829 2900 908 2989 ἐμοῦ
921 2908 1027 2970 ταῦτα
1044 2909 1257 2972 πεπονθέναι

221 3008 277 3072 καὶ
296 3001 353 3073 διά
370 3011 470 3073 τοῦτο
486 3017 652 3095 παρεῖχεν.

272 3114 360 3171 ΠΟΣ.
395 3106 443 3175 Σὺ
460 3105 532 3196 γάρ,
553 3098 579 3174 ὦ
595 3103 733 3190 Ἐνιπεῦ,
752 3103 975 3198 ύπεροπτικδς
992 3098 1087 3196 ἦσθα
1101 3108 1159 3175 καί
1172 3114 1258 3198 βρα·

222 3208 292 3293 δὺς,
322 3209 360 3291 ὃς
376 3210 475 3299 κόρης
493 3205 578 3278 σύτο
596 3212 696 3297 καλῆς
713 3211 883 3301 φοιτώσης
905 3207 1066 3300 ὁσημέραι
1087 3209 1183 3301 παρὰ
1206 3212 1257 3294 σὲ,

222 3309 449 3402 ἀπολλυμένης
467 3309 534 3381 ῦπὸ
552 3319 612 3382 τοῦ
630 3312 760 3399 ἐρωτος,
778 3309 971 3403 ὑπερεώρας
987 3316 1043 3381 καί
1057 3311 1184 3402 ἔχαιρες
1197 3316 1257 3383 λυ·

221 3423 296 3486 ττιῦν
315 3413 427 3507 αύτην,
454 3412 475 3504 ἡ
494 3417 530 3484 δέ
547 3418 626 3506 περὶ
642 3414 702 3496 τάς
720 3411 827 3499 όχθας
849 3413 998 3486 ἀλύουσα
1017 3419 1075 3485 καὶ
1092 3413 1259 3502 ἐπεμβαίη
1341 3422 1342 3485 λ

220 3544 325 3589 νουσα
350 3522 407 3586 καὶ
433 3523 571 3606 λυομένη
599 3517 702 3586 ἐνίοτε
727 3514 845 3607 ηόχετό
873 3542 929 3588 σοι
960 3518 1114 3602 ἐντυχεῖν,
1147 3516 1189 3588 σύ
1218 3519 1258 3587 δέ

221 3621 394 3709 ἐθρύπτου
411 3620 499 3711 πρὸς
516 3618 626 3709 αύτήν.
1340 3660 1341 3665 1

187 3743 203 3793 ν
271 3732 372 3788 ENIIL
410 3729 450 3791 Τί
471 3715 543 3807 οῦν,·
570 3720 626 3791 διά
647 3728 745 3790 τοῦτο
768 3721 862 3814 ἐχρῆν
889 3748 927 3792 σε
947 3722 1171 3813 προαρπάσαι
1196 3719 1257 3790 τὸν
1339 3698 1341 3851 A

222 3822 328 3914 ἔρωτα
345 3827 400 3893 καί
417 3829 735 3915 καθυποκρίνασθαι
749 3822 881 3897 Ἐνιπέα
898 3822 970 3895 ἀντὶ
983 3826 1194 3904 Ποσειδῶνος
1207 3821 1257 3892 εί·
1339 3856 1340 3859 “

221 3950 277 3995 ναι
292 3930 349 3995 καλ
365 3933 664 4018 κατασοφίσασθαι
680 3926 738 4016 τὴν
759 3926 851 4016 Τυρὼ
870 3924 977 4017 ἀφελῆ
996 3928 1095 4016 κόρην
1113 3916 1234 4009 οῦσανς

273 4036 359 4093 1102*-
390 4028 677 4120 Ὁφέζηλατοπεῑς,
698 4021 726 4099 ὦ
732 4028 871 4113 Ἐνιπεῦ,
887 4027 1082 4121 ύπερόπτης
1089 4028 1257 4121 πρότερον
