2740 4648
3 240 6 387 η
391 262 457 323 xx.
483 263 884 321 εεΜοεεΜοεεε-εε.
1007 270 1010 277 ·
1083 251 1147 318 309

3 394 4 455 ζ
129 414 133 419 -
174 380 258 444 ΛΥΚ.
301 375 396 450 Τίνας
414 366 480 460 φῂς
500 369 577 451 τοὺς
597 368 741 448 πολλοὺς
763 368 893 450 εἰδότας
909 370 965 436 καὶ
985 380 1149 458 πεπειραυ

3 470 4 561 η
121 479 242 563 μένους
258 469 429 558 ἀπάντανς
447 473 479 541 εί
493 472 556 561 γάρ
573 498 624 552 τις
635 472 787 553 τοιοῦτός
800 471 898 553 ἐστιν,
917 467 1025 552 ἱκανὸς
1038 470 1148 559 έμσιγε

3 632 5 641 ,
121 579 180 647 καὶ
196 574 259 659 είς,
281 578 337 644 καλ
353 573 462 645 οάκέτι
476 577 610 644 πολλῶν
628 574 749 664 δεήσει.
782 571 822 664 ἢν
839 573 876 643 δδ
891 570 969 653 τοὺς
987 570 1045 641 ούκ
1062 574 1149 642 εἰδό-

122 690 201 759 τάς
209 681 316 768 λέγῃς,
345 676 450 746 ούδέν
465 674 563 746 τιτὸ
588 680 722 765 πλῆθος
747 672 854 745 αύτῶν
880 676 1084 766 προσάξεταί
1107 701 1149 761 με

124 781 309 907 πιστεύειν,
336 777 413 871 ἀχρι
434 776 474 851 ἀν
494 807 516 869 η
499 776 675 869 μηδλνῆ
697 780 730 847 ἓν
748 778 872 867 εἰδότες
894 776 1013 865 περὶ
994 777 1149 846 απάντυιν

126 879 391 972 ἀποφαίνωνται
650 920 654 927 ·

176 996 263 1059 EPM
297 984 407 1064 Μόνος
424 984 461 1053 δέ
478 1008 517 1053 συ
503 980 679 1074 τάληθές
696 985 851 1065 κατεῖδες,
871 982 904 1050 ολ
920 980 952 1051 δ’
964 979 1093 1052 most
1074 984 1151 1053 ανό-

119 1113 201 1178 ,ητοι
219 1084 375 1170 ἅπαντες,
395 1082 471 1155 δσοι
489 1088 723 1177 φιλοσοφοῦσι.
829 1134 836 1151 ,

176 1204 261 1261 ΛΥΚ
300 1189 503 1279 Καταψεύδῃ
524 1212 615 1274 μου,
633 1180 659 1256 ὦ
679 1186 864 1278 Ἑρμότιμε,
892 1185 1041 1277 λέγων
1015 1214 1061 1268 ως
1085 1142 1149 1278 έγάι

127 1316 216 1382 προτ
216 1297 381 1381 ίθημίπη
399 1289 539 1377 δμαοτδν
554 1298 620 1360 τῶν
637 1288 783 1359 άλλων
762 1320 782 1381 η
800 1292 909 1388 τάττω
927 1289 1012 1373 ὅλως
1030 1290 1064 1363 έν
1080 1300 1152 1372 τοῖς

128 1395 248 1477 εἰδόσι,
271 1390 387 1465 καλ
350 1420 388 1463 ου
409 1394 621 1483 μνημονεύεις
642 1385 687 1463 ῶν
709 1394 801 1484 έφην,
829 1391 887 1462 ούκ
909 1392 1028 1475 αάτὸς
1024 1394 1152 1462 εἰδέναι

128 1494 255 1584 τάληθδ
255 1523 272 1577 ς
275 1494 369 1589 νπὲρ
383 1495 460 1577 τοὺς
473 1493 592 1576 ἀλλους
604 1496 852 1583 διατεινόμενος,
873 1494 957 1565 ἀλλά
970 1494 1056 1584 μετὰ
1067 1496 1153 1564 πάν·

128 1624 195 1667 των
212 1595 291 1669 αύτὸ
310 1595 438 1685 ἀγνοεῖν
457 1595 637 1686 ὁμολογῶν.

181 1714 268 1775 nm
298 1697 389 1784 Ἀλλ’,
409 1691 578 1783 ῶΛυκῖνε,
596 1698 634 1768 τὸ
652 1702 711 1785 μέν
729 1699 786 1768 ἐπὶ
803 1701 930 1780 πάντας
947 1699 1058 1769 ἐλθεῖν
1073 1706 1152 1792 χρῆ·
1170 1720 1203 1770 54

73 1832 79 1842 ·
127 1830 183 1872 ναι
199 1807 255 1871 καλ
272 1809 477 1892 πειραθῆναι
493 1793 539 1870 ῶν
557 1827 642 1891 φασι
658 1805 714 1869 καλ
729 1801 828 1892 τὸμὴ
842 1799 882 1871 ἀν
895 1799 1003 1881 ἀλλοις
1015 1802 1154 1872 ἑλέσθαι

120 1904 168 1974 τὸ
183 1908 313 1992 βέλτιον
329 1902 351 1994 ἢ
368 1899 482 1985 ούτως,
502 1900 633 1993 εύλογον
650 1906 741 1988 ἰ’σιες,
760 1903 799 1974 τὸ
812 1906 850 1972 δὲ
862 1910 902 1994 τῇ
916 1910 1016 1993 πείρᾳ
1033 1903 1152 1994 ἑκάστη

122 2014 275 2076 τοσαῦτα
292 2005 347 2095 έιη
366 2003 574 2089 ἀποδιδόναι,
594 2010 799 2095 παγγέλοιον,
818 2002 933 2096 ῶσπερ
953 2005 1011 2090 οὐχ
1029 2005 1153 2076 οἷόντε

124 2107 167 2178 δν
179 2107 248 2197 ,ἀπ’
264 2106 382 2196 ὀλίγων
403 2116 609 2194 καταμαθεῖν
626 2107 668 2178 τὰ
686 2110 805 2178 πάντα.
843 2108 918 2195 ἐμοὶ
936 2110 972 2179 δέ
992 2111 1048 2176 καὶ
1065 2109 1152 2176 πάνυ

130 2213 245 2302 ῥᾴδιον
263 2208 456 2283 εἶναιδοκεῖ
474 2209 513 2279 τὸ
534 2219 683 2280 τοιοῦτον
705 2215 760 2283 καὶ
778 2210 818 2281 ού
839 2214 964 2299 πολλῆς
985 2213 1154 2300 διατριβῆς

129 2315 298 2400 δεόμενον·
316 2319 404 2405 φασί
419 2319 455 2401 γέ
471 2339 523 2382 τοι
540 2321 605 2381 τῶν
623 2317 778 2410 πλαστῶν
794 2341 877 2397 τινα,
899 2316 1031 2382 Φειδίαν
1049 2311 1152 2399 οἶμαι,

131 2414 237 2501 ὄνυχα.
250 2416 351 2503 μόνον
376 2418 506 2497 λέοντος
532 2416 645 2486 ἰδόντα
671 2415 728 2485 ἀπ’
751 2417 872 2485 ἐκείνου
898 2415 1155 2505 ἀναλελογίσθαι

124 2518 243 2607 ,ἡλίκος
258 2515 299 2588 ἀν
317 2516 335 2588 δ
354 2525 422 2601 πᾶς
440 2522 521 2588 λέων
537 2525 663 2606 γένοιτο
680 2517 748 2586 κατ’
760 2516 854 2601 ἀξίαν
870 2526 930 2587 τοῦ
949 2515 1063 2601 όναχος
1077 2516 1155 2585 ἀνα-

5 2706 6 2713 x
129 2624 308 2702 πλασθείς.
343 2624 399 2689 καλ
417 2619 457 2690 αδ
477 2623 526 2706 δὲ,
545 2620 583 2712 ἥν
600 2627 651 2701 τίς
669 2645 724 2689 σοι
739 2634 834 2709 χεῖρα
849 2622 952 2708 μόνην
969 2618 1154 2710 ἀνθρώπου

132 2724 223 2813 δείξῃ
239 2722 278 2793 τὸ
297 2719 377 2791 ἀλλο
397 2730 493 2809 σῶμα
513 2725 762 2811 κατακαλύψας,
790 2723 876 2812 εἴσῃ,
905 2720 1012 2806 οἶμαι,
1040 2719 1155 2788 αὐτίκα

130 2821 186 2895 ότι
204 2822 389 2917 ἀνθρωπός
406 2825 478 2896 έστι
494 2826 532 2896 τὸ
550 2828 881 2911 κατακεκαλυμμένον,
900 2820 959 2895 κάν
976 2822 1021 2913 μὴ
1035 2822 1073 2892 τὸ
1087 2829 1156 2891 πάν

132 2935 230 3014 σῶμα
251 2930 333 3019 ἴδῃς.
369 2933 424 2998 καὶ
444 2936 552 3003 τοίνυν
573 2927 616 2997 τὰ
636 2930 695 3016 μέν
711 2927 923 3018 κεφαλαιώδη
946 2917 991 2996 ῶν
1014 2922 1157 3007 ἅπαντες

134 3032 266 3115 λέγουσι
288 3032 400 3119 ῥᾴδιον
421 3039 626 3119 καταμαθεῖν
648 3030 681 3100 έν
704 3029 804 3120 ὀλίγῳ
825 3037 933 3119 μορίῳ
953 3025 1089 3119 ἡμέρας,
1116 3026 1155 3097 τδ

134 3130 172 3199 δέ
187 3127 384 3220 ύπερακριβὲ
385 3159 402 3213 ς
417 3142 515 3203 τοῦτο
527 3138 583 3202 καλ
595 3142 722 3225 μακρᾶς
732 3141 791 3224 τῆς
804 3133 981 3216 ἐξετάσεως
994 3133 1155 3218 δεόμενον,

132 3229 174 3302 ού
192 3234 280 3300 πάνυ
299 3229 472 3321 ἀναγκαῖον
490 3233 568 3314 ές
535 3263 592 3324 την
605 3262 626 3303 α
626 3237 730 3325 έρεαιν
741 3262 801 3305 του
786 3239 905 3350 ’βελτί
906 3260 988 3315 ονος,
1008 3231 1106 3300 ἀλλ”
1088 3259 1158 3302 εοτι

129 3349 243 3426 κρῖναι
259 3332 352 3405 ταδ’
333 3362 382 3403 απ
379 3331 544 3403 ’έκείνωκ

160 3453 270 3510 ΛΥΚ
309 3450 441 3520 Παπαῖ,
461 3428 489 3505 ὦ
502 3436 687 3529 Ερμότιμε,
711 3435 757 3519 ῶς
775 3435 891 3528 ίσχνρδι
907 3443 1011 3505 ταῦτα
1029 3438 1159 3525 ε’ίρηκας
1176 3458 1210 3507 οδ

135 3538 205 3611 ἀπὸ
232 3547 298 3610 τῶν
322 3545 430 3631 μερῶν
457 3538 614 3622 ἀξιῶν
578 3567 621 3608 τα
647 3536 709 3609 όλα
735 3540 871 3609 εἰδέναι·
897 3546 1006 3608 καίτοι
1032 3536 1094 3625 έγῶ
1116 3536 1159 3605 τδι

136 3641 266 3714 δναντία
283 3641 427 3725 ἀκούσας
442 3650 607 3733 μέμνημαι
625 3641 670 3724 ῶς
687 3640 706 3711 δ
722 3645 781 3729 μέν
798 3641 837 3711 τὸ
855 3638 930 3712 όλον
949 3640 1045 3723 εἰδὼς
1057 3642 1158 3727 εἰδείη

138 3740 178 3812 ἀν
195 3751 249 3815 καὶ
265 3745 305 3816 τδ
323 3753 430 3833 μέρος,
450 3743 468 3816 o‘
488 3747 524 3815 δέ
539 3747 640 3833 μόνον
656 3743 695 3816 τὸ
712 3752 812 3836 μέρος
831 3743 936 3814 ούκέιι
948 3748 1004 3812 καὶ
1018 3741 1056 3812 τὸ
1072 3740 1158 3812 ὅλον.

139 3840 244 3927 ούτως
260 3856 317 3918 καί
332 3875 391 3936 μοι
408 3848 485 3918 τάδε
503 3845 689 3940 ἀπόκριναι,
710 3846 728 3918 ὃ
749 3850 881 3929 Φειδίας
898 3845 963 3934 ἀρα
980 3872 1062 3915 ποτε
1081 3844 1159 3913 ἰδὼν

136 3943 239 4032 ὄνυχα
256 3953 385 4035 λέοντος
403 3953 482 4041 έγναι
505 3949 545 4021 ἀν
567 3948 621 4021 ότι
642 3953 772 4034 λέοντός
794 3949 889 4033 ἔστιν,
914 3950 944 4018 εἰ
964 3949 1009 4039 μὴ
1032 3949 1160 4038 έοράκει

137 4052 223 4125 ποιδ
239 4053 353 4123 λέοντα
371 4051 462 4136 όλονς
488 4052 509 4146 ἢ
531 4054 570 4124 σὺ
594 4052 775 4144 ἀνθρώπου
792 4068 886 4145 χεῖρα
910 4053 990 4122 ἰδῶν
1013 4052 1102 4139 ἔσχες
1120 4048 1159 4120 ἀν
