2740 4648
243 262 306 327 322
518 266 520 272 ’
621 272 874 327 ΔΟΥΚΙΑΝΟΥ

243 398 362 464 ματος·
382 378 416 445 οἶ
433 373 463 445 δ’
476 373 570 444 ἀλλοι
582 372 604 467 ἢ
617 372 709 445 οὐδὲν
724 374 848 465 ἀληθές
860 377 972 446 ἰὀασιν
986 364 1134 462 οἰόμενοι
1147 377 1271 448 εἰδέναι

140 568 145 573 ,
242 478 265 569 ἢ
287 481 411 561 εἰδότες
433 476 699 568 ἀποκρύπτονται
720 475 787 548 ἀπὸ
814 481 938 560 δειλίας
962 483 1018 547 καὶ
1041 479 1194 569 αἰσχύνης
1214 485 1272 550 καλ

194 605 226 654 ⁷6
243 590 303 651 τοῦ
325 588 561 675 προτιμᾶσθαι
581 582 777 668 βούλεσθαι.
816 587 925 649 καίτοι
946 579 1032 668 πρὸς
1052 589 1111 673 τῆς
1129 581 1272 673 Ἀθηνᾶς

243 681 376 755 ἅπαντα
387 686 447 771 μὲν
460 684 482 752 ἀ
497 683 578 774 έφην
591 683 738 770 ἐάσωμεν
752 681 854 752 αὐτοῦ
866 684 1103 770 καταβαλόντες
1116 687 1172 754 καλ
1181 686 1271 781 λήθη

242 814 295 869 τις
309 786 391 857 ἐ’στω
407 783 514 856 αὐτῶν
529 783 642 875 ὥσπερ
660 793 726 854 τάν
743 784 809 875 πρὸ
820 784 997 871 Εὐκλείδου
1012 786 1168 877 ἀρχοντος
1183 814 1273 880 πρα-

240 895 403 976 χθέντων,
424 886 631 974 ἀποθέμενοι
649 889 685 956 δὲ
702 889 821 977 ταύτην
838 892 1041 980 φιλοσοφίαν
1059 887 1165 980 ὀρθὴν
1186 888 1272 960 είναι

243 992 301 1082 τὴν
322 999 388 1062 τῶν
408 998 577 1074 Στωϊκῶν,
605 987 704 1079 ἀλλην
726 992 762 1058 δὲ
782 989 860 1079 μηδ’
879 989 1063 1081 ἡντιναοῦν,
1090 994 1215 1078 ’ίδωμεν
1241 993 1274 1062 ελ

245 1093 360 1185 ἐφικτὴ
379 1090 460 1183 αὐτη
478 1097 534 1162 καί
552 1094 670 1182 δυνατή
690 1092 786 1175 ἐστιν,
805 1090 943 1183 ἢμάτην
956 1096 1132 1181 κάμνουσιν
1146 1093 1274 1164 ὁπόσοι

246 1193 524 1287 έφίενταιαύτῆς·
545 1195 607 1276 τάς
626 1197 686 1281 μέν
706 1194 768 1283 γὰρ
785 1193 981 1280 ὑποσχέσεις
1004 1195 1112 1265 ἀκούω
1135 1204 1273 1284 θαυμα-

246 1299 327 1379 στάς
348 1325 452 1381 τινας,
480 1295 575 1388 ἡλίκα
602 1295 892 1387 εὐδαιμονήσουσιν
915 1299 948 1367 ολ
974 1298 1007 1379 ἒς
1028 1298 1066 1367 τὸ
1090 1295 1275 1389 ἀκρότατον

245 1400 415 1482 §mmm
436 1400 558 1488 μόνους
574 1398 636 1490 γάρ
658 1402 796 1482 τούτους
817 1402 926 1469 πάντα
949 1402 1172 1486 συλλαβόντας
1191 1402 1276 1484 ἕξειν

244 1503 287 1572 τὰ
313 1510 361 1592 τῷ
379 1501 450 1571 όντι
476 1499 602 1591 ἀγαθά.
637 1501 676 1570 τὸ
701 1502 786 1589 μετὰ
810 1508 915 1573 ταῦτα
942 1505 978 1572 δὲ
1004 1501 1045 1572 σύ
1072 1500 1111 1570 ἀν
1138 1502 1275 1590 ἀμεινον

246 1606 378 1694 εἰδείης,
402 1603 436 1672 εὐ
448 1630 514 1674 τινι
532 1603 738 1695 ἐντετύχηκας
754 1614 890 1695 Στωϊκῷ
911 1606 1052 1694 τοιούτῳ
1078 1608 1148 1687 [καὶ
1165 1619 1276 1675 Στωῐ.

245 1714 310 1775 κῶν
322 1713 370 1796 τῷ
385 1701 500 1796 ἀκρῳ1,
521 1707 581 1796 οἵην
595 1709 677 1797 μήτε
690 1711 874 1777 λυπεῖσθαι
886 1706 968 1798 μηδ’
978 1706 1034 1798 ύφ)
1045 1706 1164 1797 ἡδονῆς
1173 1735 1275 1777 κατα·

247 1816 404 1878 σπάσδαι
416 1810 499 1899 μήτε
511 1805 714 1899 ὀργίζεσθαι,
735 1811 867 1900 φθόνου
882 1812 917 1879 δὲ
929 1817 1088 1899 κρείττονι
1099 1813 1156 1878 καὶ
1169 1811 1274 1879 πλού-

245 1937 304 1980 του
317 1918 577 2000 καταφρονοῦντι
589 1914 645 1980 καὶ
659 1913 803 1993 συνόλως
816 1911 994 1999 εὐδαίμονι,
1014 1910 1134 1982 όπσῖον
1144 1911 1207 2003 χρὴ
1216 1911 1274 1981 τὸν

245 2015 365 2084 κανόνα
382 2011 538 2082 εἶναικαὶ
558 2015 710 2101 γνώμονα
730 2022 790 2084 τοῦ
812 2014 896 2083 κατὰ
912 2013 970 2104 τὴν
993 2011 1109 2105 ἀρετὴν
1129 2021 1215 2102 βίον.
1252 2010 1274 2082 δ

245 2116 306 2207 γὰρ
319 2114 471 2185 καὶκατὰ
483 2116 681 2205 μικρότατον
694 2117 811 2187 ἐνδέων
824 2115 950 2206 ἀτελὴς,
969 2114 1029 2186 κάν
1041 2119 1152 2186 πάντα
1165 2120 1273 2187 πλείω

246 2218 310 2308 έχη,
331 2219 539 2302 οὐδὲτοῦτο,
559 2216 690 2288 οὐδέπω
709 2218 882 2305 εὐδαίμων.

197 2343 227 2392 ιι
297 2337 384 2393 ΕΡΜ.
421 2318 543 2391 Οὐδένα
559 2328 709 2391 τοιοῦτον
727 2318 825 2391 εἶδον.

297 2440 381 2495 ΛΥΚ.
419 2414 470 2493 Εὐ
487 2450 536 2513 γε,
557 2415 585 2492 ὦ
598 2422 782 2511 Ἑρμότιμε,
807 2421 861 2493 ότι
878 2421 915 2493 οὐ
934 2425 1042 2514 ψεύδῃ
1061 2423 1152 2493 ἑκών.
1189 2423 1223 2504 ές
1238 2427 1274 2491 τί

248 2522 279 2595 δ’
293 2518 349 2596 οὐν
368 2523 568 2614 ἀποβλέπων
587 2529 793 2618 φιλοσοφεῖς,
813 2523 891 2596 όταν
910 2524 989 2617 δρᾷς
1005 2528 1087 2615 μήτε
1103 2524 1161 2594 τὸν
1177 2526 1275 2592 διδά-
1348 2554 1349 2593 z

248 2631 366 2698 σκαλον
391 2627 448 2698 τὸν
470 2628 528 2699 σόν
549 2629 632 2718 μήτε
654 2629 711 2698 τὸν
738 2630 860 2698 ἐκείνου
885 2630 967 2717 μήτε
993 2627 1049 2697 τὸν
1075 2627 1143 2714 πρὸ
1170 2624 1288 2694 αὐτούν

246 2729 324 2819 μηδ’
335 2728 376 2799 ἀν
390 2730 423 2813 ίς
436 2734 624 2821 δεκαγονίαν
638 2729 801 2822 ἀναγάγῃς
812 2734 935 2820 μηδένα
949 2727 1057 2799 αὐτῶν
1066 2730 1172 2818 σοφὸν
1181 2726 1274 2824 ἀκρι-

246 2839 316 2918 βῶς
332 2837 387 2902 καὶ
405 2833 461 2902 διὰ
483 2841 581 2903 τοῦτο
603 2832 781 2921 εὐδαίμονα
803 2839 1024 2924 γεγενημένον,·
1050 2830 1127 2900 οὐδὲ
1147 2829 1210 2921 γάρ
1233 2827 1274 2898 ἀν
1347 2832 1348 2845 ³

248 2934 349 3004 έκεῖνο
372 2933 487 3022 ὀρθῶς
509 2937 631 3018 ε’ίποις,
660 2934 706 3018 ὥς
728 2936 858 3025 ἀπόχρη
879 2934 939 3004 κάν
961 2938 1102 3024 πλησίον
1122 2939 1196 3022 γένη
1215 2939 1276 3020 τῆς

249 3033 466 3122 εὐδαιμονίας,
487 3036 663 3107 έπεὶούδέν
676 3036 813 3128 όφελος·
832 3037 957 3124 ύμοίως
967 3036 1030 3128 γὰρ
1044 3037 1106 3120 ἔξω
1118 3043 1178 3104 τοῦ
1194 3032 1275 3105 ὐόού

249 3138 319 3209 ἔστι
337 3142 392 3208 καὶ
410 3138 442 3208 έν
459 3146 506 3229 τῷ
523 3138 683 3230 ὐπαίδρῳ
703 3137 722 3209 δ’
738 3167 774 3209 τε
792 3142 885 3232 παρά
901 3139 958 3229 τὴν
970 3141 1079 3229 θύραν
1093 3138 1155 3221 έξω
1170 3136 1277 3219 ἑστὼς

245 3244 303 3311 καὶ
321 3237 339 3311 δ
357 3242 483 3332 πόρρω,
504 3243 728 3312 διαλλάττοιεν
746 3241 777 3311 δ’
791 3241 840 3327 ἀν,
861 3240 913 3312 ότι
928 3246 1053 3329 μᾶλλον
1068 3231 1166 3322 οὗτος
1179 3239 1277 3309 ἀνιά-

249 3336 342 3415 σεται
365 3341 451 3436 όριύν
474 3344 610 3434 ίγγύθεν
633 3345 713 3415 οἵων
740 3345 918 3435 ἐστέρηται.
955 3341 1026 3414 εἶτα
1051 3344 1107 3414 ἵνα
1132 3346 1277 3432 πλησίον

247 3453 322 3539 γένη
339 3455 397 3539 τῆς
415 3449 624 3533 εὐδαιμονίας
640 3488 684 3498 -
702 3448 799 3517 δώσω
815 3445 989 3536 γὰρτούτό
1004 3472 1115 3517 σοι-
1127 3452 1279 3515 τοσαῦτα

248 3564 363 3631 πονεῖς
376 3550 583 3636 κατατρύχων
597 3547 742 3632 σεαοτδν,
761 3552 816 3617 καὶ
829 3550 1106 3639 παραδεδράμηκέ
1117 3573 1156 3618 σε
1169 3545 1187 3618 δ
1201 3554 1280 3636 βίος

250 3650 268 3724 ό
291 3658 449 3733 τοσοῦτος
472 3650 505 3721 έν
528 3649 629 3742 ἀηδίᾳ
649 3655 705 3721 καί
726 3653 863 3742 καμάτῳ
885 3655 941 3720 καλ
967 3650 1163 3743 ἀγρυπνίαις
1184 3652 1280 3718 κάτω

248 3756 435 3833 νενευκότας
452 3758 508 3823 καὶ
525 3756 679 3836 εἰσαῦθις
696 3755 866 3845 πονήσεις,
887 3750 933 3835 ιδς
950 3753 1029 3844 φῂς,
1049 3752 1134 3822 ἀλλα
1151 3753 1280 3821 ε’ίκοσιν

250 3857 304 3948 ἡ
322 3854 546 3942 τούλάχιστον,
568 3857 623 3925 ίνα
640 3856 912 3947 ὀγδοηκοντούτης
928 3856 1098 3944 γενόμενος
1115 3894 1159 3907 -·
1177 3856 1212 3924 εἴ
1225 3881 1283 3936 τις

251 3958 404 4049 ἐγγυητής
422 3959 493 4029 έστί
510 3982 566 4028 σοι
583 3956 636 4030 ότι
652 3961 760 4050 βιάσῃ
778 3966 926 4029 τοσαῦτα
942 3997 985 4008 -
1002 3954 1093 4043 ὅμως
1104 3949 1145 4048 ᾖς
1158 3957 1192 4026 ὐν
1205 3970 1285 4039 τοῖς

249 4064 389 4150 μηδέπω
398 4060 661 4150 εὐδαιμονούσας
679 4061 761 4155 τίμὴ
773 4063 875 4151 μόνος
889 4062 953 4132 α’ίει
963 4061 1142 4145 τεύξεσθαι
1154 4059 1284 4129 τούτου
1332 4126 1337 4135 ,
