2752 4632
118 258 215 318 xm
231 259 333 315 ΠΕΡΙ
348 258 433 313 ΤΩΝ
449 258 524 314 ΕΠΙ
539 246 682 335 ΜῙΣΘΩι
696 258 930 316 ΣΥΝΟΝΤΩΝ
947 257 1034 314 1-3.
1065 246 1130 312 245

100 386 187 451 γους,
204 365 262 430 καὶ
279 358 539 450 δσαπρόγματα
556 361 650 451 παρὰ
666 361 724 430 τὸν
739 365 845 432 πλοῦν
861 359 938 431 όλον
951 360 1131 449 ύπέμειυαν

82 462 123 557 ή
144 468 309 553 διψῶντες
329 461 351 554 ἢ
372 470 567 545 ναυτιῶντες
591 461 614 554 ἢ
639 456 938 556 ὑπεραντλούμενοι
963 473 1004 557 τῇ
1029 463 1128 557 ἅλμη,

99 570 156 638 καὶ
171 570 267 648 τέλος
283 564 329 648 ὥς
345 565 432 657 πρὸς
448 571 574 654 πέτραν
588 565 663 637 τινδι
679 563 808 658 ὕφαλον
824 563 846 656 ἢ
864 569 1025 641 σκόπελον
1043 568 1131 639 διπό-

9 760 11 763 .
99 694 239 761 κρημνσν
255 669 508 759 περιρρήξαντες
523 667 564 738 τὸ
583 670 739 758 δύστηνον
752 671 928 760 σκαφίδιον
942 667 1060 740 ἄθλιοι
1070 699 1130 740 κα-

98 779 166 853 κῶς
179 770 365 861 ἐξενήξαντο
377 775 493 859 γυμνοί
506 774 562 839 καὶ
575 772 709 840 πόντων
723 770 842 852 ἐνδεεῖς
854 778 920 843 τῶν
931 770 1128 862 ἀναγκαίων·

99 872 134 944 ἐν
159 871 200 964 δή
221 874 351 953 τούτοις
371 877 428 941 καί
447 880 488 963 τῇ
514 873 641 942 τούτων
668 873 817 964 διηγήσει
842 873 978 944 ἐδόκουν
1002 900 1063 961 μοι
1087 873 1130 943 τὰ

97 973 210 1047 πολλὰ
227 965 321 1045 σύτοι
336 971 393 1045 ὑπ’
409 975 561 1101 αἰσχύνης
579 973 847 1064 ἐπικρύπτεσθαι
867 979 922 1044 καί
940 974 1066 1058 ἑκόντες
1083 975 1130 1046 ελ-

97 1105 154 1148 ναι
175 1075 531 1147 ἐπιλανθάνεσθαι
491 1083 614 1146 αυτῶν·
645 1075 755 1145 ύλλ”’
735 1103 836 1167 εγωγε
859 1073 993 1147 κύκεῖνσι
1017 1083 1125 1146 καῖ’
1098 1080 1133 1148 εί

96 1206 151 1250 τιν
146 1175 261 1249 ’ἄλλα
278 1179 313 1248 ἐκ
329 1204 390 1247 του
372 1180 504 1267 λόγου
523 1178 743 1275 συντιθείςι
709 1186 781 1271 ευρί
779 1206 847 1249 σκιο
865 1180 1036 1272 προσόντα
1052 1194 1129 1263 ταῖς

94 1281 270 1362 τοιαύταις
296 1286 497 1364 συνουσίαις,
526 1279 587 1350 ούκ
611 1279 737 1408 ὀκνήσω
765 1307 827 1351 σοι
846 1283 969 1365 πάντα,
998 1309 1025 1349 ω
1013 1274 1129 1353 καλδ
1174 1332 1177 1337 ,

98 1384 285 1470 Τιμόκλεις,
309 1384 506 1467 διεξελθεῖν·
528 1386 676 1453 δοκεῖ’
635 1411 697 1474 γαρ
714 1411 774 1470 μοι
790 1384 827 1453 ἐκ
843 1387 970 1455 πολλοῦ
988 1382 1049 1474 ήδη
1067 1411 1127 1452 κα-

95 1490 322 1574 τανενοηκέναι
340 1510 377 1554 σε
394 1486 501 1574 τούτῳ
519 1514 567 1574 τφ
553 1492 648 1574 ’ίβηι
667 1485 931 1573 ἐπιβουλεύοντα.
966 1513 1023 1554 και
1035 1510 1162 1573 προ-ε

94 1588 159 1658 τόν
172 1612 219 1675 γε,
238 1583 379 1677 ὁπηνίκα
391 1592 470 1678 περί
482 1595 549 1656 τῶν
561 1592 720 1656 ταπήτων
734 1585 752 1656 ὃ
766 1590 863 1678 λόγος
876 1588 1036 1672 ἐνέπεσεν,
1057 1587 1128 1657 εἶτα

95 1688 239 1780 ἐπήνεσό
262 1715 314 1771 τις
343 1695 410 1758 τῶν
439 1690 613 1779 παρόντων
638 1688 696 1777 τήν
726 1690 880 1779 τοιαύτην
910 1690 1128 1781 μισθοφορὰν

93 1793 373 1884 τρισευδαίμονας
393 1788 478 1863 εἶναι
503 1795 605 1880 λέγων
631 1790 682 1871 οἷς
707 1790 791 1876 μετὰ
814 1798 888 1859 τοῦ«
902 1796 1020 1881 φίλους
1046 1794 1129 1877 ’ἐχειν

93 1892 344 1983 τούςύρίστους
352 1891 517 1980 Ῥωμαίων
528 1897 585 1962 καί
599 1896 743 1962 δειπνεῖν
760 1895 879 1961 δεῖπνα
896 1897 1065 2017 πολυτελῆ
1072 1897 1128 1962 καὶ

95 1992 271 2082 ἇσύμβολα
287 1998 343 2063 καί
360 1996 460 2065 οἰκεῖν
478 1995 511 2064 ἐν
529 1999 618 2084 καλῷ
635 1999 691 2063 καὶ
713 1992 898 2084 ἀποδημεῖν
914 1993 998 2081 μετὰ
1014 1996 1128 2083 πόσης

93 2096 268 2189 ήφστιύνης
283 2123 325 2164 κα
327 2095 474 2188 λήδουής
491 2097 549 2166 ἐπὶ
571 2100 685 2167 λευκοῦ
697 2099 848 2187 ζεύγους,
878 2097 962 2165 ιδ’
924 2122 1032 2180 τυχοι,
1057 2095 1128 2178 ἐξυ-

93 2200 309 2282 πτιόζσντας,
336 2206 477 2290 προσέει
496 2204 552 2268 καί
573 2199 702 2286 μισθὸν
722 2207 781 2289 τῆς
802 2203 917 2290 φιλίας
941 2189 1047 2267 καί
1020 2225 1065 2266 ιον
1090 2188 1126 2266 εὖ

93 2302 266 2387 πάσχουσι
282 2302 409 2371 τούτων
424 2301 672 2388 λαμβάνειν’συκ
686 2299 795 2392 ὀλίγον
809 2298 1128 2385 ἐστίν’-ύιτεχνιῦς

92 2402 158 2495 γὰρ
177 2400 312 2491 όσπσρα
329 2402 426 2473 καὶ
405 2404 549 2494 ανήροτα
569 2418 641 2484 τοῖς
662 2405 829 2485 τοιούτοις
852 2402 895 2472 τὰ
916 2404 1028 2474 πάντα
1045 2404 1126 2490 φύε-

93 2514 184 2577 σθαι
200 2545 244 2558 -
260 2503 365 2575 όπότε
383 2497 439 2576 σύν
455 2513 560 2575 ταῦτα
576 2510 632 2575 καί
649 2505 690 2573 τὰ
707 2513 847 2574 τοιαῦτα
863 2502 990 2594 ήκσυες,
1015 2505 1127 2594 ἕιύριου

93 2605 194 2688 ὅπως
208 2605 367 2699 ἐκεχήνεις
383 2607 470 2697 πρὸς
487 2605 571 2677 αύτδι
587 2611 643 2675 καὶ
659 2609 748 2676 πάνυ
767 2609 900 2697 σφόδρα
916 2606 1002 2696 πρὸς
1014 2605 1053 2674 τὸ
1073 2607 1127 2673 δέ·

11 2772 12 2777 ,
91 2714 177 2800 λεαρ
195 2706 466 2796 ἀναπεπταμένον
488 2723 643 2799 παρεῖχες
664 2709 704 2777 τὸ
728 2710 846 2794 στόμα.
883 2707 931 2788 ὡς
951 2700 1010 2779 σύν
1029 2708 1071 2776 τό
1088 2733 1125 2834 γε

90 2809 253 2904 ἦμέιερον
270 2813 425 2895 εἰσαῦθίς
445 2838 529 2882 ποτε
547 2809 735 2902 οἷναίτιονη
863 2811 937 2901 ύχης
957 2807 1106 2898 λέγειν
1080 2836 1126 2891 ως

91 2913 237 3007 δρῶντός
254 2941 292 2984 σε
308 2920 480 3005 τηλικοῦτο
497 2913 581 3002 μετὰ
598 2894 729 3004 τήςα
676 2803 858 3084 ἐίύήλέζίςῷ
835 2910 1008 3004 ἄγκιστρον
1024 2938 1126 2981 κατα·

10 3064 11 3075 1
89 3022 234 3088 πίνοντα
253 3015 312 3085 σύκ
329 3017 566 3105 ἐπελαβόμεθα
584 3015 661 3086 σύδέ
677 3020 757 3106 πρὶν
774 3015 930 3102 ἐμπεσεῖν
946 3043 994 3105 την
980 3019 1123 3104 λαιμηι

88 3119 368 3208 περιεσπάσαμεν
385 3118 464 3188 aba&
479 3120 764 3209 προεδηλώσαμεν,
784 3118 868 3189 ἄλλα
880 3124 1125 3207 περιμείναντες

89 3223 306 3307 ἐξελκομένου
327 3224 384 3288 καὶ
405 3220 636 3311 ἐμπεπηγότος
660 3219 723 3310 ήδη
752 3222 931 3309 συρόμενον
957 3223 1012 3288 καὶ
1036 3219 1126 3310 πρὸς

89 3321 237 3409 ἀνάγκην
258 3319 420 3409 ἀγόμενον
439 3320 533 3413 δρᾶν,
557 3320 603 3392 ὅτ’
624 3321 718 3391 σύδέν
741 3320 862 3411 όφελσς
883 3321 1022 3400 ἑστῶτες
1047 3320 1125 3388 ἐπε·

90 3424 294 3514 δακρύομεν·
317 3420 412 3505 ὅπως
427 3424 472 3514 μὴ
490 3432 594 3493 ταῦτα
612 3428 706 3513 λέγης
722 3425 806 3491 ποτε
822 3424 910 3490 πάνυ
930 3419 1061 3510 εύλογα,
1085 3418 1124 3510 ἢν

11 3606 13 3625 ᾗ
90 3531 244 3615 λέγηται,
267 3529 323 3595 καί
341 3523 471 3617 ἄφυκτα
487 3523 575 3616 ήμῖν,
599 3522 645 3606 ὥς
662 3521 722 3592 ούκ
739 3521 916 3610 ἀδικοῦμεν
929 3523 975 3612 μή
992 3549 1124 3621 προμη·

11 3640 13 3689 ἱ
90 3630 265 3712 νύσαντες,
293 3626 436 3697 δὶκουσσν
452 3628 489 3712 ἐξ
505 3626 604 3720 ἀρχῆς
626 3625 782 3697 ἁπάντων
802 3629 859 3695 καλ
879 3626 918 3695 τὸ
941 3627 1071 3697 δίκτυόν
1085 3651 1127 3693 τε
1230 3634 1234 3653 “

11 3742 13 3821 ξ
92 3727 182 3800 αύτδ
197 3736 253 3800 καί
273 3739 341 3802 τῶν
360 3732 485 3823 κύρτων
506 3731 546 3800 τὸ
568 3728 739 3814 ἀδιέξοδον
760 3729 897 3798 ἔκτοθεν
919 3728 977 3799 ἐπὶ
994 3732 1122 3818 σχολής,

91 3830 183 3903 ἄλλα
199 3833 244 3924 μὴ
262 3834 399 3905 ἔνδοθεν
416 3833 453 3902 ἐκ
468 3840 528 3903 τοῦ
544 3839 651 3921 μυχοῦ
667 3834 973 3921 προεπισκόπησον,
990 3833 1048 3899 καί
1058 3834 1122 3899 ,τοῦ

92 3933 272 4026 ἀγκίστρου
287 3940 329 4007 δέ
343 3935 382 4009 τὸ
401 3934 538 4027 ἇγκύλυν
553 3938 610 4005 καὶ
625 3934 684 4026 τήν
701 3935 735 4017 ἐς
751 3933 791 4004 τὸ
809 3933 955 4021 ἔμπαλιν
965 3940 1026 4004 τοῦ
1046 3933 1123 4002 σκόο

29 4076 32 4081 ’
89 4039 204 4122 λοπος
224 4037 432 4133 ἀναστροφήν
456 4041 512 4111 καὶ
538 4046 596 4133 τῆς
621 4045 766 4131 τριαίνης
790 4036 851 4121 τὰς
872 4033 978 4125 ἀκμὰς
1005 4035 1118 4119 ἐςτὰς
1155 4062 1167 4105 .·-
