2728 4636
1343 68 1345 165 λ

246 232 290 300 24
581 262 585 267 ,
622 242 884 300 εοεσιιαοε

246 356 322 431 σίας
346 348 405 430 τάς
432 346 655 436 ἀληθεστέρας
680 345 808 436 ἡδονάςΙ
827 344 1035 436 ἀγνοοῦντας,
1064 337 1109 417 ὦν
1132 343 1289 421 ἀπασῶν
1345 340 1346 343 ¹

195 475 229 525 ει
247 457 433 542 φιλοσοφία
440 440 582 540 ’χορηγός
596 450 665 519 ἐστι
679 463 750 530 τοῖς
763 463 876 521 πονεῖν
888 457 1176 540 προαιρουμένοις.
1193 454 1279 542 περί
1346 480 1347 511 1

247 557 284 624 δέ
303 562 370 623 τῶν
392 553 425 622 έν
446 567 517 634 τοῖς
537 555 724 638 βαλανείοις
747 554 919 642 δρωμένων
936 550 1046 621 πολλὰ
1062 553 1121 639 μέν
1139 555 1277 644 διεξῄει,

244 655 284 726 τὸ
302 660 435 743 πλῆθος
451 662 517 724 τῶν
534 654 712 740 ἑπομένων,
731 653 790 736 τὰς
806 651 931 743 όβρεις,
953 653 1033 735 τούς
1050 654 1282 740 ἐπικειμένους

216 804 221 813 ·
245 770 316 838 τοῖς
334 760 475 837 οἰκέταις
492 759 547 824 καί
562 763 679 846 μικροῦ
698 759 766 825 δεῖν
784 755 1028 847 ἐκφερομένους.
1063 759 1097 826 ἓν
1115 758 1152 827 δέ
1167 785 1202 826 τι
1218 762 1279 827 καί
1347 770 1348 781 ’

201 902 204 903 ⁷
244 862 390 947 μάλιστα
406 872 516 945 μισεῖν
533 856 641 946 ἐῴκει,
660 858 744 928 πολὺ
764 856 795 929 δ’
810 859 897 950 έντῇ
909 852 1009 929 πόλει
1021 866 1121 928 τοῦτο
1134 863 1190 929 καὶ
1202 874 1281 941 τοῖς

207 1046 208 1049 ¹
239 967 431 1049 βαλανείοις
445 962 676 1050 ἐπιχωριάζον·
694 963 872 1053 προϊόντας
885 963 948 1052 γάρ
960 987 1053 1042 τινας
1064 962 1280 1047 τῶνοίκετῶν

246 1067 299 1133 δεῖ
316 1071 400 1151 βοάν
421 1067 477 1130 καί
498 1066 732 1151 παραγγέλλειν
754 1071 972 1153 προορᾶσθαι
991 1077 1063 1135 τοῖν
1080 1066 1210 1147 ποδοῖν,
1234 1063 1280 1153 ἢν

245 1166 374 1256 ὑψηλόν
391 1193 425 1234 τι
441 1164 462 1254 ἢ
478 1170 588 1237 κοῖλον
604 1169 766 1251 μέλλωσιν
782 1166 1000 1256 ὑπερβαίνειν,
1019 1169 1075 1234 καλ
1086 1163 1277 1256 ὐπομιμνήη

248 1292 334 1338 σκειν
354 1266 486 1350 αὐτοὺς,
509 1267 548 1336 τὸ
569 1270 770 1351 καινότατον,
794 1265 849 1338 ότι
869 1270 1051 1356 βαδίζουσι.
1088 1266 1194 1338 δεινόν
1217 1261 1280 1339 οὐκ

247 1371 403 1450 ἐποιεῖτο,
423 1371 454 1438 εί
467 1371 631 1455 στόματος
642 1373 701 1457 μέν
715 1369 887 1461 ἀλλοτρίου
902 1374 1108 1451 δειπνοῦντες
1119 1370 1164 1460 μὴ
1184 1373 1278 1441 δέον-

245 1499 303 1540 ται
318 1475 401 1560 μηδὲ
415 1479 542 1562 χειρῶν,
565 1475 649 1561 μηδὲ
669 1480 736 1541 τῶν
758 1469 851 1542 ἀν’των
874 1470 1059 1555 ἀκούοντες,
1086 1469 1280 1563 ὀφθαλμῶν

247 1576 283 1643 δὲ
304 1571 502 1664 ὑγιαίνοντες
525 1573 704 1663 ἀλλοτρίαν
722 1578 851 1645 δέονται
867 1581 1110 1665 προοψομένων
1127 1580 1183 1645 καί
1201 1574 1280 1646 ἀνέ-

244 1701 358 1759 χονται
372 1675 485 1765 φωνὰς
494 1674 666 1757 ἀκούοντες
675 1680 864 1762 δυστυχέσιν
873 1676 1070 1767 ἀνθρώποις
1078 1679 1278 1765 πρεπούσας

245 1781 301 1844 καλ
323 1785 589 1867 πεπηρωμένοις·
615 1787 720 1849 ταῦτα
740 1780 803 1867 γὰρ
826 1778 910 1849 αὐτὰ
932 1780 1117 1864 πάσχουσα
1141 1780 1175 1851 ἀν
1199 1794 1279 1862 ταῖς

246 1877 382 1971 ἀγοραῖς
399 1879 522 1971 ἡμέρας
537 1887 640 1970 μέσης
656 1886 711 1950 καὶ
730 1883 763 1951 οἱ
779 1883 839 1963 τὰς
856 1884 972 1962 πόλεις
990 1881 1277 1971 ἐπιτετραμμένοι.

194 1985 349 2057 35ταύτά
371 1988 483 2079 τεκαὶ
504 1982 614 2053 πολλὰ
637 1983 731 2075 ἕτερα
755 1991 892 2055 τοιαῦτα
919 1982 1063 2059 διελθὼν
1087 1990 1279 2055 κατέπαυσε

244 2085 301 2155 τὸν
323 2087 428 2173 λόγον.
466 2085 529 2174 ἐγὼ
553 2088 589 2154 δέ
609 2093 693 2167 τέως
712 2088 771 2172 μέν
792 2086 910 2175 ἤκουον
932 2083 1034 2154 αὐτοῦ
1050 2084 1212 2174 τεθηπὼς
1228 2086 1276 2176 μὴ

246 2189 401 2277 σιωπήσῃ
422 2192 477 2255 καὶ
499 2194 747 2278 πεφοβημένος·
774 2187 890 2277 ἐπειδὴ
914 2189 950 2257 δέ
968 2187 1152 2271 ἐπαύσατο,
1174 2196 1281 2258 τοῦτο
1351 2262 1353 2269 ρ

247 2288 286 2378 δὴ
312 2288 350 2357 τό
376 2296 442 2358 τῶν
467 2291 619 2358 Φαιάκων
640 2292 757 2371 πάθος
779 2290 995 2361 ἐπεπόνθειν·
1022 2289 1128 2361 πολὺν
1147 2289 1211 2381 γὰρ
1234 2289 1278 2380 δὴ

242 2393 359 2481 χρόνον
386 2392 434 2472 εἷς
458 2389 558 2460 αὐτὸν
584 2389 773 2479 ἀπέβλεπον
802 2396 1030 2483 κεκηλημένος·
1066 2391 1139 2467 εἶτα
1167 2397 1278 2484 πολλῇ

246 2494 399 2583 σογχόσει
415 2497 471 2562 καλ
488 2496 600 2584 ἰλίγγῳ
619 2500 871 2585 κατειλημμένος
887 2503 985 2564 τοῦτο
998 2497 1056 2580 μέν
1070 2495 1185 2582 λδρῶτι
1198 2520 1282 2567 κατ’

246 2599 416 2689 ερρεόμην,
447 2605 546 2669 τοῦτο
574 2601 610 2669 δὲ
637 2601 857 2691 φθέγξασθαι
877 2599 1076 2684 βουλόμενος
1098 2596 1281 2678 ἐξέπιπτόν

244 2726 282 2769 τε
298 2704 354 2771 καί
372 2697 606 2790 ἀνεκοπτόμην,
623 2706 680 2770 καλ
692 2697 714 2790 ἥ
725 2727 762 2773 τε
775 2699 867 2790 φωνὴ
883 2700 1029 2782 ἐξέλειπε
1041 2703 1097 2769 καὶ
1109 2697 1130 2788 η
1144 2701 1279 2787 γλῶττα

129 2790 133 2801 ’
247 2804 458 2889 διημάρτανε,
480 2809 537 2872 καλ
553 2808 647 2885 τέλος
664 2803 820 2891 ἐδάκρυον
838 2801 1079 2890 ἀπορούμενος·
1104 2799 1220 2889 οὐγὰρ
1240 2801 1284 2885 ἐξ

247 2901 410 2993 ἐπιπολῆς
424 2886 495 2974 όύδ’
508 2904 554 2987 ὥς
571 2906 680 2988 έτνχιν
697 2902 789 2993 ἡμῶν
808 2901 826 2975 δ
844 2905 941 2992 λόγος
956 2910 1128 2985 καθίκετο,
1146 2910 1278 2990 βαθεῖα

247 3005 284 3073 δέ
295 3009 351 3085 καί
363 3013 491 3095 καίριος
501 3003 520 3096 ἡ
530 3006 637 3096 πληγὴ
647 3007 780 3096 ἐγένετο,
795 3007 949 3093 καλμάλα
959 3003 1120 3089 εὐστόχως
1129 3004 1277 3089 ἐνεχθεὶς

247 3104 265 3175 δ
284 3108 381 3196 λόγος
399 3107 507 3199 αὐτην,
532 3111 562 3179 εί
580 3109 704 3179 οἷόντε
722 3109 837 3191 εἰπεῖν,
862 3110 998 3196 διέκοψε
1019 3107 1076 3196 τὴν
1098 3110 1221 3196 ψυχήν·
1244 3109 1277 3179 εί

245 3209 308 3299 γάρ
329 3236 364 3277 τι
385 3212 438 3280 δεῖ
460 3209 543 3298 κάμὲ
568 3210 630 3303 ἤδη
656 3213 854 3302 φιλοσόφων
879 3212 1132 3301 προσάψασθαι
1156 3211 1275 3299 λόγων,

148 3365 150 3371 -
191 3330 229 3381 36
247 3303 314 3382 οἶδε
335 3316 559 3405 περὶτούτων
580 3311 759 3403 ἀπείληφε.
796 3316 887 3401 δοκεῖ
909 3338 969 3399 μοι
991 3310 1109 3401 ἀνδρὸς
1130 3311 1280 3402 εὐφυοῦς

245 3413 336 3506 ψυχὴ
353 3417 444 3502 μάλα
461 3425 575 3505 σκοπῷ
593 3444 658 3489 τινι
676 3415 796 3506 ἀπαλῷ
813 3420 1053 3504 προσεοικέναι.
1084 3416 1220 3498 τοξόται
1237 3418 1275 3484 δέ

246 3522 367 3589 πολλοί
383 3521 442 3605 μὲν
460 3516 522 3589 ἀνά
538 3518 595 3588 τὸν
612 3525 686 3606 βίον
702 3522 758 3588 καλ
774 3522 890 3603 μεστοί
906 3518 968 3599 τὰς
984 3524 1150 3609 φαρέτρας
1162 3525 1280 3589 ποιαί·

246 3623 311 3690 λων
331 3647 368 3689 τε
388 3626 444 3693 καὶ
464 3624 688 3695 παντοδαπῶν
710 3622 824 3710 λόγων,
849 3619 888 3690 οὐ
910 3621 974 3711 μὴν
991 3623 1112 3699 πάντες
1133 3617 1279 3704 εὐστοχα·

246 3722 443 3805 τοξεύουσιν,
463 3723 532 3794 ἀλλ’
544 3726 577 3794 ολ
588 3726 647 3811 μέν
665 3721 773 3794 αὐτῶν
791 3725 924 3815 σφόδρα
939 3723 1000 3804 τὰς
1015 3723 1131 3812 νεοράς
1148 3722 1277 3795 ἐπιτεί-
1337 3804 1341 3817 1

246 3849 357 3906 ναντες
370 3823 585 3918 εὐτονώτερον
596 3835 656 3897 τοῦ
670 3829 800 3908 δέοντος
814 3825 951 3919 ἀφιᾶσι·
970 3828 1025 3893 καὶ
1038 3821 1200 3897 ἅπτονται
1211 3826 1277 3911 μέν

246 3929 302 3995 καλ
324 3917 418 3996 οὗτοι
438 3937 495 4019 τῆς
517 3928 611 4013 ὁδοῦ,
637 3929 680 4005 τά
703 3932 739 4000 δέ
760 3934 838 4018 βέλη
861 3926 969 4013 αὐτῶν
991 3925 1029 3997 οὐ
1050 3926 1196 4015 μένειιέν
1220 3933 1276 4016 τῷ

247 4034 376 4117 σκοπῷ,
399 4028 468 4101 ἀλλ’
488 4028 555 4102 ὐπὸ
576 4040 633 4124 τῆς
655 4035 881 4125 σφοδρότητος
898 4031 1074 4100 διελθόντα
1092 4034 1148 4101 καλ
1163 4054 1276 4122 παρο-
