2740 4648
220 270 225 281 '
241 249 307 317 290
627 260 883 318 ΔΟΥΚῙΑΝΟΥ

242 365 384 457 είδέμὴ,
404 364 488 434 ἀλλὰ
498 373 554 435 νῦν
563 363 676 433 ἀκουε·
695 368 779 456 φησί
790 363 852 455 γὰρ
867 361 885 434 ὃ
898 371 1009 451 μῦθος
1019 350 1277 457 έρίσαιάθηνᾶν

241 473 297 539 καί
314 470 508 539 Ποσειδῶνα
523 464 767 558 καὶἮφαιστον
784 465 946 552 εάτεχνίας
963 473 1050 557 πέρι,
1069 471 1125 537 καί
1144 467 1276 555 τὸνμὲν

242 573 397 644 Ποσειδῶ
413 571 534 654 ταδρόν
550 596 625 639 τινα
643 567 848 653 ἀναπλόσαι,
872 569 931 661 τὴν
945 568 1086 659 Ἀθηνᾶν
1109 572 1146 639 δέ
1167 571 1276 639 οίκίαν

245 674 431 764 έπινοῆοοι,
447 668 655 763 όἭφαιστος
664 675 700 742 δὲ
708 670 891 760 ἀνθρωπον
900 670 965 764 ἀρα
973 660 1206 762 συνεστήσατο,
1221 677 1276 743 καί

244 777 384 866 έπείπερ
397 775 455 845 έπὶ
467 775 524 845 τὸν
536 774 661 861 Μῶμον
672 767 760 866 ἧκον,
780 772 881 864 όνπερ
896 774 1051 865 δικαστὴν
1067 779 1275 866 προείλοντο,

243 880 454 966 θεασόμενος
475 877 596 959 ἐκεῖνος
622 876 760 946 ἑκάστου
786 876 825 950 τὸ,
854 878 960 968 ἔργον,
987 885 1053 949 τῶν
1079 880 1141 965 μέν
1166 875 1277 948 ἀλλων

244 979 341 1052 ἀτινα
358 980 518 1073 ᾐτιάσατο
535 979 690 1070 περιττὸν
709 977 749 1047 ἀν
767 981 817 1068 ε’ίη
840 984 952 1069 λέγειν,
976 978 1034 1048 έπί
1055 972 1116 1049 τοῦ
1138 978 1279 1071 ἀνθρώ-

214 1164 217 1169 ,
244 1111 312 1155 πον
335 1085 372 1153 δὲ
392 1090 492 1152 τοῦτο
515 1082 687 1170 ἐμέμψατο
708 1085 764 1150 καί
789 1081 847 1152 τὸν
874 1080 1083 1169 ἀρχιτέκτονα
1109 1082 1279 1172 έπέπληξε

114 1214 117 1221 ’
243 1183 503 1277 τὸνἮφαιστον,
524 1185 611 1253 διότι
628 1182 672 1274 μη
690 1187 746 1252 καί
763 1187 907 1275 θυρίδας
920 1185 1074 1273 ἐποίησεν
1088 1183 1178 1274 αάτρῖ
1192 1184 1278 1254 κατδι

243 1287 283 1359 τὸ
294 1294 434 1377 στέρνον,
450 1285 496 1369 ὥς
504 1283 801 1356 ἀναπετασθεισῶν
809 1285 1278 1388 γνιόριμαγίγυεσθαηόπασιν

245 1392 432 1479 διβούλεται
439 1393 496 1458 καί
509 1388 637 1458 έπινοεί
643 1393 698 1457 καί
708 1391 738 1458 εί
746 1391 908 1478 ψεύδεται
920 1387 941 1480 ἢ
956 1388 1125 1479 ἀληθεύει.
1153 1389 1280 1473 ἐκεῖνος

243 1496 303 1582 μέν
322 1484 378 1563 οὖν
390 1489 455 1560 «ἅτε
472 1490 694 1579 ἀμβλυώττων
712 1489 799 1562 ούτω
817 1497 978 1583 περὶτῶν
997 1491 1189 1583 ἀνθρώπων
1209 1496 1279 1562 διε-

243 1609 360 1678 νοεῖτο,
380 1593 421 1664 σὺ
440 1596 477 1663 δέ
492 1592 577 1686 ὑπὲρ
595 1595 652 1665 τὸν
663 1602 792 1684 Λυγκέα
809 1594 886 1684 ἡμῖν
899 1597 1055 1683 δέδορκας
1067 1601 1123 1664 καὶ
1141 1595 1223 1686 δρᾷς
1235 1597 1280 1665 τά

244 1697 346 1779 ἐ’νδον,
361 1694 510 1781 ὦςὲοικε,
529 1696 585 1767 διὰ
594 1705 654 1766 τοῦ
663 1706 795 1786 στέρνου
805 1696 1031 1787 καί-ἀνέῳκταί
1040 1722 1094 1767 σοι
1103 1698 1145 1765 τὰ
1155 1700 1277 1782 πάντα,

247 1797 293 1881 ὥς
311 1800 432 1868 εἰδέναι
448 1800 494 1889 μὴ
511 1802 614 1887 μόνον
631 1800 654 1868 ἀ
669 1803 825 1885 βούλεται
841 1805 897 1868 καί
909 1801 932 1869 ἃ
945 1802 1116 1890 γιγνώσκει
1131 1802 1277 1884 ἕκαστος,

246 1899 402 1970 ἀλλὰκαὶ
419 1902 563 1994 πότερος
580 1900 720 1989 ἀμείνων
737 1901 759 1993 ἢ
774 1910 901 1992 χείρων.

194 2025 231 2076 κί’
298 2020 384 2077 ΕΡΜ.
419 2007 567 2089 Παίζεις,
587 1998 615 2074 ἀ
632 2018 760 2075 Λυκῖνε.
797 2005 860 2093 ἐγὼ
878 2008 915 2075 δέ
932 2005 1015 2075 κατὰ
1032 2004 1115 2075 θεὸν
1133 2007 1277 2097 εἱλόμην,

245 2112 301 2176 καὶ
320 2106 358 2176 ού
376 2111 552 2195 μεταμέλει
568 2134 627 2195 μοι
644 2116 702 2199 τῆς
720 2110 890 2196 αἱρέσεως·
910 2107 1018 2178 ίκανὸν
1031 2111 1067 2178 δέ
1079 2116 1179 2178 τοῦτο
1192 2108 1283 2198 πρὸς

245 2217 323 2300 γοῦν
342 2209 408 2295 ἐμέ.

297 2329 383 2385 ΛΥΚ.
415 2308 520 2400 Ὅμως
538 2311 597 2382 οάκ
615 2309 655 2383 ἀν
673 2315 796 2396 ε’ίποις,
822 2306 993 2402 ὦέταῖρε,
1020 2317 1076 2381 καί
1098 2312 1187 2402 πρὸς
1210 2314 1286 2400 ἐμέ,

247 2412 331 2483 ἀλλὰ
344 2418 506 2507 περιόψει
518 2444 560 2503 με
573 2419 850 2504 παραπολόμενον
865 2418 958 2505 έντηλ
971 2420 1086 2505 πολλῷ
1103 2426 1262 2506 συρφετῷ
1267 2448 1280 2502 ,·

298 2532 384 2591 ΕΡΜ
422 2516 522 2588 Οάδέν
539 2520 601 2611 γάρ
621 2544 676 2589 σοι
693 2517 824 2610 ἀρέσκει
843 2511 888 2587 ὦν
906 2516 946 2586 ἀν
964 2520 1059 2587 εἴπω.

298 2636 383 2692 ΛΥΚ.
424 2618 500 2705 Ούκ,
525 2614 653 2712 ὦγαθέ,
677 2620 746 2690 ἀλλ’
764 2621 859 2691 οάόέν
877 2621 1005 2702 ἐθέλεις
1027 2622 1134 2689 εἰπεῖν
1158 2619 1283 2690 ὁποῖον

248 2720 288 2791 ἀν
299 2749 360 2810 μοι
373 2720 528 2814 ἀρέσειεν.
554 2723 630 2794 έπεί
644 2723 676 2794 δ’
688 2717 745 2793 ούν
758 2725 797 2794 σὺ
813 2723 895 2792 έκών
908 2722 1103 2813 ἀποκρύπτῃ
1117 2728 1174 2791 καὶ
1188 2732 1283 2814 φθο-

246 2836 313 2906 νέῖς
330 2823 416 2915 ἡμῖν,
437 2823 483 2905 ὥς
499 2826 544 2917 μὴ
563 2827 600 2909 ἐξ
614 2829 690 2896 ἰ’σου
708 2827 887 2915 γενοίμεθά
905 2850 961 2894 σοι
979 2826 1281 2915 φιλοσοφήσαντες,

249 2927 312 3017 ίγώ
331 2929 551 3018 πειράσομαι,
571 2926 666 3009 ὅπως
684 2927 724 2998 ἀν
742 2930 813 3010 οίός
829 2955 866 2997 τε
884 2919 926 3012 ὦ,
945 2926 1014 2995 κατ’
1031 2927 1172 3013 έμαυτὸν
1190 2928 1283 3011 ἐξευ-

248 3042 317 3120 ρεῖν
337 3027 395 3119 τὴν
409 3027 526 3121 ἀκριβῆ
539 3033 757 3118 περὶτούτων
769 3038 874 3120 κρίσιν
886 3035 942 3099 καί
954 3031 1012 3119 τὴν
1026 3030 1283 3120 ἀσφαλεστάτην

248 3132 384 3220 αἵρεσιν.
421 3130 520 3202 ἀκουε
538 3134 574 3203 δέ
592 3136 647 3202 καί
665 3133 715 3217 σὺ,
735 3135 765 3203 εί
781 3136 905 3223 βούλει.

298 3250 384 3308 ΕΡΜ.
416 3232 511 3304 Άλλά
531 3238 709 3324 βούλομαι,
737 3229 764 3306 ἀ
786 3249 920 3307 Λυκῖνε·
946 3238 1029 3318 ’ίσως
1051 3237 1114 3326 γάρ
1140 3263 1175 3305 τι
1197 3237 1282 3326 γνοί-

123 3328 124 3335 *
248 3363 344 3429 ριμον
363 3336 457 3429 ἐρεῖς.

299 3456 383 3511 ΛΥΚ.
422 3442 549 3511 Σκόπει
567 3440 607 3532 δὴ
625 3446 681 3511 καί
697 3441 743 3533 μὴ
760 3442 996 3532 καταγελάσῃς,
1017 3441 1047 3508 εί
1063 3442 1281 3511 παντάπασιν

250 3542 425 3624 ἰδιωτικῶς
443 3541 592 3633 ἀναζητῶ
610 3543 707 3614 αάτό·
725 3536 846 3633 ἀνάγκη
864 3542 926 3635 γὰρ
945 3541 1064 3627 οότως,
1085 3542 1160 3641 ἐπεὶ
1176 3544 1223 3634 μὴ
1240 3545 1280 3614 σὺ

198 3666 231 3715 τι
250 3644 380 3725 ἐθέλεις
403 3652 607 3737 σαφέστερον
630 3648 737 3717 είπείν
760 3646 857 3729 ιίδώς
875 3646 1018 3733 όμεινον.
1055 3647 1140 3716 ἔστω
1160 3648 1200 3737 δή
1222 3674 1282 3734 μοι

247 3747 268 3839 ἡ
286 3750 346 3836 μέν
364 3744 463 3839 ἀρετὴ
479 3750 610 3818 τοιόνδε
625 3777 669 3833 τι,
690 3748 760 3818 οἷον
773 3750 873 3831 πόλις
886 3776 936 3831 τις
950 3748 1147 3836 εύόαίμονας
1161 3752 1284 3837 ἔχουσα

247 3852 326 3933 τοὺς
349 3850 666 3937 ἐμπολιτευομένους
688 3890 731 3904 —-
754 3850 800 3934 ὥς
821 3858 905 3943 φαίη
929 3850 969 3921 ἀν
993 3851 1011 3921 ό
1039 3846 1240 3935 διδάσκαλος
1263 3851 1283 3923 ό

251 3951 309 4034 σὸς
327 3951 455 4022 ἐκεῖθέν
473 3960 583 4022 ποθεν
597 3952 832 4045 ἀφιγμένος-
847 3954 975 4045 σοφοὺς
988 3956 1022 4037 ἒς
1034 3956 1072 4024 τὸ
1088 3954 1282 4048 ἀκρότατον,

248 4051 420 4145 ἀνδρείους
446 4052 610 4141 ἅπαντας,
639 4059 800 4141 δικαίους,
828 4060 1018 4150 σώφρονας,
1051 4057 1163 4151 ἀλίγον
1190 4068 1286 4131 θεῶν
