2740 4648
191 263 254 328 342
576 271 771 329 ΛΟΥΚΙΔΝ
776 272 832 328 ΟΥ

188 379 424 467 διηγήσασθαι,
445 373 539 456 όπως
555 379 615 462 μέν
632 372 723 466 ήσθη
742 373 759 444 5
778 377 892 446 Σόλων
910 383 957 464 τῷ
976 376 1087 466 δύρφ,
1107 375 1165 446 σία
1182 378 1227 446 δέ

178 478 288 562 εἶπεν,
309 476 354 560 τός
373 478 463 548 δὲτὸ
483 477 601 551 λοιπόν
620 487 769 568 συνήσαν,
796 476 813 547 5
831 482 890 565 μὲν
905 480 1077 551 παιδεύων
1093 482 1151 548 καὶ
1168 481 1226 548 δι·

188 584 317 653 δάοκων
339 580 381 649 τὰ
402 583 574 666 κάλλιστα,
600 580 617 651 5
636 584 759 666 Σόλων,
783 585 838 649 καί
861 584 958 671 φίλον
980 577 1089 651 άπασι
1109 589 1227 651 ποιῶν

187 684 243 763 τὸν
261 682 450 776 Ἀνάχαρσιν
471 688 530 752 καί
549 687 727 773 προσάγων
752 698 823 764 τοῖς
842 681 998 774 Ἑλλήνων
1024 688 1137 764 καλοῖς
1162 687 1224 754 καὶ

186 788 297 856 πάντα
317 786 442 877 τρόπον
465 788 720 874 ἐπιμελούμενος
743 783 836 867 ὅπως
857 783 977 876 ήδιστα
1000 788 1160 876 διατρίψῃ
1185 785 1223 855 ἐν

186 896 226 981 τῇ
241 887 384 961 Ἑλλάδι·
405 886 422 959 5
443 890 656 981 δὲτεθηπάς
670 889 727 980 τήν
747 896 868 980 σοφίαν
882 876 982 958 αὐτού
996 893 1052 958 καὶ
1063 890 1147 978 μηδὲ
1159 887 1222 959 τὸν

187 993 297 1084 ἕτερον
318 993 410 1061 πόδα
433 992 513 1063 ἑκών
538 991 621 1062 εἶναι
644 991 918 1079 ἀπολειπόμενος.
959 990 1005 1073 τός
1030 999 1109 1080 γοῦν
1134 987 1223 1061 ἀπί-

187 1093 381 1184 σχετοαέτῴ
393 1092 410 1164 5
424 1097 569 1183 Τόξαρις,
586 1096 621 1179 ἐξ
633 1096 705 1177 ἐνὸς
719 1095 839 1187 ἀνδρὸς
851 1103 910 1164 τού
919 1096 1071 1175 Σόλωνος
1085 1090 1223 1164 ἅπαντα

187 1198 266 1285 ’ἔγνω
291 1197 323 1268 ἐν
346 1195 462 1286 ἀκαρεῖ
481 1203 537 1266 καὶ
557 1207 662 1268 πᾶσιν
683 1191 722 1288 ήν
743 1200 906 1287 γνώριμος
931 1201 988 1266 καί
1014 1197 1149 1283 ἐτιμᾶτο
1173 1192 1220 1265 δι’

186 1300 321 1370 ἐκεῖνον·
340 1299 377 1369 οὗ
395 1301 458 1392 γὰρ
475 1301 591 1393 μικρὸν
603 1293 641 1389 ήν
654 1304 770 1372 Σόλων
782 1301 935 1382 ἐπαινῶν,
956 1297 1024 1367 ἀλλ’
1037 1299 1070 1367 οί
1083 1295 1223 1389 ἀνθρω·

73 1432 76 1443 ’
185 1429 248 1495 ποι
269 1407 325 1471 καὶ
346 1410 444 1475 τοῦτο
469 1401 514 1485 ιδς
536 1410 702 1493 νομοθέτη
726 1405 903 1472 ἐπείθοντο
925 1405 981 1468 καὶ
1002 1401 1138 1491 ἐφίλουν
1160 1399 1222 1480 οὓς

83 1532 87 1537 ’
185 1504 306 1585 ἐκεῖνος
329 1508 501 1592 δοκιμάζοι
521 1510 577 1573 καὶ
599 1505 771 1575 ἐπίστευον
795 1503 949 1595 ἀρίστους
974 1502 1095 1595 ἀνδρας
1121 1500 1220 1572 εἶναι.

185 1606 226 1675 τδι
244 1611 415 1675 τελευταῖα
427 1611 485 1675 καὶ
496 1607 627 1696 ἐμυήθη
641 1612 741 1693 μόνος
754 1608 931 1696 βαρβάρων
938 1604 1138 1695 ΙἈνάχαρσις,
1159 1607 1222 1694 δη«

184 1715 369 1797 μοποίητος
386 1711 565 1798 γενόμενος,
585 1711 616 1778 εἰ
630 1709 691 1800 χρή
708 1714 849 1798 θεοξίνφ
863 1711 1036 1788 πιστεύειν
1049 1711 1219 1775 καὶτοῦτο

187 1813 371 1898 ἱστοροῦντι
389 1816 467 1902 περὶ
486 1811 602 1880 αύτοό·
624 1816 680 1880 καὶ
698 1810 756 1879 οόκ
774 1809 813 1880 ἀν
835 1810 912 1893 οέδί
934 1811 1141 1899 ἀνέστρεφεν,
1166 1806 1221 1876 05-

151 1934 266 1999 ἐμοι,
285 1914 318 1995 ἐς
340 1916 488 1996 Σκύθας,
513 1916 544 1982 εἰ
565 1915 609 2003 μή
631 1917 746 1985 Σόλων
769 1912 930 1982 ἀπέθανε.
968 1915 1135 2000 βούλεσθε
1158 1902 1219 1979 σύν

184 2013 246 2105 ήδη
266 2016 421 2105 ἐπαγάγω
440 2025 487 2106 τῷ
505 2020 607 2105 μύθῳ
625 2018 663 2085 τὸ
682 2021 787 2100 τίλος,
813 2014 857 2096 ὡς
874 2016 918 2105 μή
937 2013 1102 2104 ἀκέφαλος
1118 2039 1220 2103 περι-

184 2125 334 2206 νοστοίη,·
353 2117 424 2209 όίρα
440 2127 517 2207 γοῦν
535 2121 657 2189 εἰδέναι
675 2111 803 2211 οὗτινός
815 2146 875 2206 μοι
888 2119 980 2189 ἕνεκα
994 2115 1218 2203 όΆνάγαρσις

185 2221 219 2290 ἐκ
235 2228 384 2302 Σκυθίας
401 2226 458 2290 καὶ
477 2225 614 2312 Τόξαρις
631 2223 673 2292 τὰ
691 2230 748 2291 νύν
765 2223 798 2303 ἐς
812 2223 1015 2291 Μακεδονίαν
1033 2215 1146 2307 ήκετον
1164 2218 1218 2289 ἐτι

183 2328 238 2391 καὶ
255 2325 392 2392 Σόλωνα
408 2318 545 2411 γέροντα
567 2321 669 2414 ἀνδρα
691 2326 882 2412 ἐπαγομένω
895 2320 1089 2411 Ἀθήνηθεν.
1126 2324 1218 2410 φημὶ

184 2425 223 2514 δή
243 2423 359 2510 όμοιόν
376 2453 409 2494 τι
426 2431 481 2493 καὶ
500 2424 599 2508 αότδς
617 2435 742 2497 παθεῖν
759 2434 807 2515 τήν,
821 2423 1111 2516 Άναχάρσιδι,νκαλ
1126 2422 1217 2512 πρὸς
1337 2494 1342 2505 ,

182 2533 336 2616 Χαρίτων
348 2528 393 2617 μή
407 2531 606 2618 νεμεσήσητέ
617 2556 677 2614 μοι
685 2536 743 2618 τής
753 2530 885 2611 εἰκόνος,
905 2528 1109 2614 είβασιλικῷ
1118 2522 1216 2614 ἀνδρί
1334 2574 1341 2585 .

184 2629 323 2715 ἐμαυτόν
340 2627 461 2721 ᾔκασα·
485 2633 653 2721 βάρβαρος
675 2633 734 2717 μὲν
751 2630 813 2720 γὰρ
831 2628 983 2711 κάκεῖνος
994 2632 1049 2699 καί
1068 2625 1162 2696 οόδέν
1179 2654 1215 2696 τι

182 2737 285 2821 φαίης
304 2730 343 2800 ἀν
360 2731 437 2813 τοὺς
454 2734 580 2821 Σύρους
597 2731 684 2823 ἡμᾶς
703 2736 924 2822 φαυλοτέρους
940 2729 1026 2800 εἶναι
1047 2737 1112 2799 τῶν
1128 2742 1216 2798 Σκυ-
1332 2790 1337 2799 .

182 2841 267 2902 θῶν.
303 2832 386 2921 ἀτὰρ
405 2833 482 2903 οὐδὲ
499 2835 582 2904 κατὰ
599 2834 638 2904 τδ
655 2834 827 2922 βασιλικόν
846 2834 974 2907 ἐσποιιῦ
991 2831 1082 2922 τάμὰ
1104 2831 1136 2912 ἐς
1151 2829 1211 2920 τήν

183 2932 376 3023 ὁμοιότητα,
404 2934 472 3004 κατ’
489 2937 594 3005 ἐκεῖνα
617 2941 668 3006 δέ·
696 2934 751 3006 ότε
772 2935 836 3025 γάρ
857 2943 991 3025 πρῶτον
1018 2934 1213 3023 ἐπεδήμησα

181 3035 273 3122 ὑμῶν
294 3044 334 3126 τῇ
356 3040 470 3120 πόλει,
498 3039 676 3127 ἐξεπλάγην
696 3042 755 3125 μὲν
778 3036 880 3119 εύθδς
903 3037 982 3109 ἰδὼν
1008 3036 1046 3105 τὸ
1067 3042 1214 3124 μέγεθος

181 3139 292 3209 καὶτὸ
310 3140 429 3220 κάλλος
450 3143 505 3207 καί
525 3147 592 3233 τῶν
615 3139 917 3228 ἐμπολιτευομένων
937 3139 976 3209 τὸ
999 3143 1134 3228 πλῆθος
1153 3141 1213 3208 καί

159 3243 238 3330 τήν
265 3239 364 3330 ἀλλην
390 3243 526 3328 δύναμιν
551 3247 607 3311 καί
637 3245 856 3334 λαμπρότητα
880 3250 1008 3312 πᾶσαν·
1040 3238 1126 3312 άίοτε
1152 3240 1213 3310 ἐπὶ

89 3426 91 3433 ¹
179 3343 266 3412 πολὺ
290 3344 467 3432 ἐτεθήπειν
488 3344 574 3436 πρὸς
595 3352 700 3414 ταῦτα
721 3350 777 3415 καὶ
799 3344 858 3415 οόκ
880 3345 1031 3437 ἐξήρκουν
1052 3350 1100 3433 τῷ
1121 3343 1214 3413 θαό-
1330 3364 1335 3373 “

179 3473 269 3535 ματι,
289 3446 360 3516 οῖόν
376 3476 411 3515 τι
427 3452 482 3516 καί
500 3446 697 3537 όνηοιιότης
711 3448 832 3530 ἐκεῖνος
844 3454 1014 3528 νεανίσκος·
1024 3446 1214 3516 ἐπεπόνθει

172 3548 266 3637 ,πρὸς
287 3548 344 3638 τήν
366 3557 424 3618 τοῦ
446 3550 613 3619 Μενελάου
637 3552 752 3620 οἰκίαν.
793 3554 850 3619 καλ
870 3549 1003 3636 ἐμελλον
1025 3545 1112 3619 ούτω
1126 3550 1214 3619 ,δια-

179 3653 391 3741 τεθήσεσθαι
415 3652 473 3742 τήν
498 3654 628 3741 γνώμην
654 3652 735 3723 ίδάν
760 3655 860 3729 πόλιν
886 3649 1095 3739 ἀκμάζουσαν
1121 3647 1211 3741 ἀκμῇ

178 3755 323 3843 τοσαύτη
341 3757 396 3821 καὶ
413 3753 496 3831 κατὰ
513 3753 569 3823 τὸν
587 3754 726 3845 ποιητήν
745 3754 868 3825 ἐκεῖνον

299 3854 468 3925 ἀνθοῦσαν
485 3853 630 3944 ἀγαθοῖς
646 3864 750 3926 πᾶσιν
766 3855 818 3936 οἷς
836 3857 956 3924 θάλλει
972 3857 1082 3939 πόλις.

130 3977 162 4028 10
180 3954 265 4024 ούτω
284 3957 323 4025 55
347 3956 427 4042 ἐχων
449 3957 655 4046 ἐσκοπούμην
677 3955 739 4047 ήδη
761 3960 840 4045 περὶ
861 3964 927 4027 τῶν
947 3963 1133 4048 πρακτέων,
1151 3960 1212 4026 καί

180 4056 216 4125 τὸ
239 4060 297 4143 μέν
321 4062 426 4142 δεῖξαι
446 4068 510 4130 των
532 4063 637 4149 λόγων
658 4058 735 4147 ύμῖν
757 4061 866 4131 πάλαι
892 4060 1041 4131 ἐδέδοκτο
1069 4099 1112 4111 -
1138 4065 1212 4131 τίσι

129 2184 144 2223 Ι
