2722 4646
419 202 471 260 VL
488 204 677 259 ἈΑΚΥΩΝ
694 204 780 259 1-2.
1071 193 1113 260 51

76 335 158 380 νων.
200 301 288 375 ῶστε
307 311 344 374 τί
364 303 423 374 ούκ
444 306 503 377 έπί
522 306 581 397 τὴν
602 313 726 398 πέτραν
746 308 867 400 ταύτην
887 306 1039 382 ἀνελθὼν
1058 309 1119 402 τὴν

78 412 143 499 μὲν
162 409 311 477 δίκελλαν
329 405 440 498 ὀλίγον
456 406 618 480 ἀναπαύω
636 411 744 479 πάλαι
759 428 993 503 πεπονηκυῖαν,
1015 411 1117 496 αύτὸς

79 516 118 583 δὲ
137 508 194 581 ὅτι
210 513 389 594 πλείστους
405 513 525 594 λίθους
542 514 760 605 συμφορήσας
777 513 965 601 ἐπιχαλαζῶ
982 517 1117 609 πόρρω·
1196 562 1198 567 ,

79 624 145 687 θεν
163 613 296 700 αάτοῖς,·

133 727 246 783 Bm.
279 719 334 811 Μὴ
351 720 466 806 βάλλε,
486 710 514 787 ὦ
534 725 658 805 Τίμων·
681 716 893 812 ἀπιμενγάρ.

133 829 217 885 Tm
238 820 386 894 Ἀλλόἀκ
398 820 563 910 ἀναιμωτί
573 846 610 911 γε
622 818 716 909 ὑμεῖς
729 819 806 893 οόδλ
819 823 895 894 ἀνευ
907 824 1114 915 τραυμάτων.

132 1061 349 1133 ΑΔΚΥΩΝ
368 1065 406 1134 Η
426 1064 554 1132 ΠΕΡΙ
574 1063 1059 1135 ΜΕΤΑΜΟΡΦΩΣΕΩΣ.

423 1212 593 1262 mmmm,
611 1210 775 1254 ΣΩΚΡΑΤΗΣ.

132 1346 237 1403 XAIP.
272 1334 338 1423 ’Τίς
362 1337 383 1430 ἦ
410 1338 503 1431 φωνὴ
529 1341 734 1428 προσέβαλεν
759 1338 847 1431 ἡμῖν,
879 1331 907 1410 ιδ
932 1341 1148 1433 Σῶκρυτες,1

83 1442 266 1532 πόρρωθεν
283 1440 353 1512 ἀπὸ
370 1448 437 1512 τῶν
454 1442 613 1532 αἰγιαλῶν
629 1444 684 1512 καί
701 1450 768 1533 τῆς
781 1441 883 1532 ἀκρας
905 1443 1043 1535 ἕκείνηςς
1070 1440 1116 1526 ῶς

82 1543 180 1635 ἡδεῖα
207 1557 282 1626 ταῖς
307 1543 434 1627 ἀκοαῖς.
478 1552 512 1614 τί
541 1542 616 1615 ποτ’
644 1542 696 1632 ἀρ’
725 1545 797 1615 ἐστὶ
821 1545 860 1614 τὸ
887 1549 1116 1636 φθεγγόμενον
1243 1610 1249 1627 ,

84 1647 186 1737 ζυγίους
208 1643 329 1737 ἀφωνυι
344 1646 407 1739 γάρ
426 1647 466 1738 δὴ
483 1648 527 1717 τά
543 1673 581 1738 γε
597 1645 675 1717 καθ’
694 1643 817 1731 ύδατυς
833 1650 1045 1736 διαινόμενα.
1182 1724 1185 1728 Α

11 1800 13 1845 :
133 1757 192 1812 ΣΩ.
226 1752 392 1819 θαλαττία
407 1778 473 1835 τις,
493 1742 522 1819 ῶ
533 1756 722 1842 Χαιρεφῶν,
742 1747 832 1841 ἀρνις
850 1747 976 1819 ἀλκυὼν
994 1749 1116 1838 ὄνομα·

83 1852 216 1940 ζομένη,
235 1853 449 1942 πολύθρηνος
464 1857 521 1923 καὶ
532 1853 754 1943 πολύδακρυς,
774 1856 853 1943 περὶ
865 1844 904 1941 ἧς
918 1853 956 1942 δὴ
971 1851 1116 1935 παλαιός

83 1951 283 2042 ἀνθρώποις
298 1957 508 2042 μεμύθευται
524 1957 636 2045 λόγος·
654 1959 740 2045 φασί
757 1956 894 2043 γυναῖκά
911 1980 996 2023 ποτε
1013 1946 1116 2024 οὖσαν

80 2056 209 2131 Αἰόλου
227 2064 286 2126 τού
295 2053 448 2148 Ἕλληνος
464 2063 633 2149 θυγατέρα
649 2060 815 2149 κουρίδιον
829 2055 932 2146 ἀνδρα
944 2055 1001 2126 τὸν
1015 2058 1116 2145 αὑτῆς

80 2165 253 2230 τεθνεῶτα
269 2167 405 2251 θρηνεῖν
418 2161 523 2251 πόθῳ
537 2164 666 2251 φιλίας,
684 2162 797 2250 Κήῦκα
810 2158 867 2229 τὸν
879 2165 1047 2251 Τραχίνιον
1058 2156 1115 2226 τὸν

79 2260 274 2352 Ἑωσφόρου
290 2270 350 2332 τοῦ
368 2259 520 2351 ἀστέρος,
541 2267 643 2332 καλού
661 2257 789 2353 πατρὸς
810 2261 908 2331 καλὸν
928 2262 1016 2331 οἷόν·
1043 2258 1116 2330 εἶτα

81 2362 122 2454 δὴ
139 2372 376 2454 πτερωθεῖσαν
393 2366 451 2433 διά
467 2393 543 2434 τινα
560 2369 733 2453 δαιμονίαν
744 2368 902 2456 βούλησιν
915 2365 963 2445 εἷς
978 2362 1117 2455 όρνιθος

79 2469 208 2558 τρόπον
220 2473 468 2557 περιπέτεσθαι
480 2466 524 2537 τὰ
537 2469 663 2557 πελάγη
678 2470 838 2557 ζητοῦσαν
853 2467 982 2550 ἐκεῖνον,
998 2465 1114 2556 ἐπειδὴ

78 2570 269 2659 πλαζομένη
287 2577 346 2660 γῆν
362 2573 442 2659 περὶ
458 2578 572 2641 πάσαν
590 2568 649 2656 ούχ
667 2572 724 2639 οἵα
739 2568 767 2638 τ’
782 2562 822 2659 ἦν
839 2568 955 2661 εύρεῖν.

130 2679 233 2735 XAIP·
264 2670 403 2742 ι’ίλκυῶν
427 2671 514 2743 τοῦτ’
544 2673 645 2757 ἔστιν,
674 2672 693 2740 ὃ
720 2671 760 2741 σὺ
790 2674 873 2762 φῄς,·
908 2670 946 2740 οὗ
972 2671 1115 2739 πώποτε
1150 2687 1165 2737 2

78 2774 235 2865 πρόσθεν
251 2771 400 2864 ἠκηκόειν
416 2783 475 2866 τῆς
493 2782 618 2866 φωνῆς,
643 2772 726 2843 ἀλλά
743 2799 803 2859 μοι
820 2778 892 2861 ξένη
910 2800 962 2854 τις
977 2768 1118 2862 τηίόντι

77 2882 286 2967 προσέπεσε·
312 2877 422 2967 γοῶδη
444 2885 523 2966 γοῦν
545 2875 590 2958 ῶς
613 2876 750 2968 ἀληθῶς
766 2874 824 2946 τὸν
841 2868 919 2965 ἦχον
936 2873 1059 2966 ἀφίησι
1074 2873 1115 2943 τὸ

78 2978 184 3068 ζῷον.-
211 2982 350 3068 πηλίκον
368 2980 406 3048 δέ
420 3008 455 3050 τι
471 2985 528 3049 καὶ
545 2981 641 3065 ἔστιν,
662 2973 689 3048 ὦ
707 2981 896 3071 Σιόκρατεςς

131 3089 188 3144 m.
225 3079 269 3152 023
286 3087 385 3171 μέγα·
406 3084 550 3173 μεγάλην
566 3090 679 3170 μέντοι
696 3082 753 3153 διὰ
769 3082 828 3174 τὴν
850 3083 1046 3174 φιλανδρίαν
1067 3082 1116 3149 ε’ί-

75 3185 167 3273 ληφε
184 3182 279 3271 παρά
295 3188 514 3276 θεῶντιμήν·
537 3186 595 3254 ἐπὶ
611 3185 673 3276 γάρ
690 3194 730 3276 τῇ
747 3188 874 3255 τούτων
890 3190 1037 3274 νεοττείᾳ
1059 3187 1117 3253 καί

75 3285 139 3367 τὰς
158 3282 352 3368 ἀλκυονίδας
366 3293 697 3379 προσαγορευομένας
713 3286 836 3378 ἡμέρας
854 3286 872 3357 δ
895 3290 1019 3373 κόσμος
1041 3283 1117 3373 ἀγει

75 3386 163 3458 κατὰ
178 3397 326 3475 χειμῶνα
341 3396 443 3476 μέσον
466 3391 690 3481 διαφερούσας
711 3405 786 3472 ταῖς
807 3390 946 3473 εὐδίαις,
974 3381 1020 3457 ὧν
1043 3388 1115 3455 ἐστι

74 3494 134 3560 καί
152 3487 172 3580 ἡ
190 3492 331 3580 τήμερον
348 3491 474 3575 παντὸς
490 3497 625 3581 μᾶλλον.
663 3490 722 3578 ούχ
744 3491 825 3583 δρᾷς
847 3491 893 3574 ῶς
916 3492 1037 3578 α’ίθρια
1054 3489 1113 3572 μὲν
1150 3542 1154 3545 .

74 3592 120 3662 τὰ
139 3591 282 3678 ἀνωθεν,
301 3592 484 3681 ἀκύμαντον
502 3598 539 3665 δὲ
556 3600 611 3665 καί
627 3597 779 3685 γαλύνιαν
797 3592 887 3663 ἅπαν
904 3592 943 3662 τὸ
959 3580 1112 3678 πέλαγος,

76 3691 198 3783 ὅμοιον
216 3694 263 3778 ῶς
280 3698 387 3767 εἰπεῖν
403 3697 599 3788 κατόπτρφ’,·

128 3805 232 3861 XAIP·
257 3805 375 3888 Λέγεις
389 3797 517 3891 ὀρθῶς·
538 3807 692 3891 φαίνεται
703 3799 765 3891 γάρ
780 3797 930 3883 ἀλκυονὶς
943 3794 1116 3887 ἧτήμερονῗ

75 3897 241 3991 ύπάρχειν
258 3899 377 3992 ἡμέρα,
396 3907 451 3971 καί
467 3905 551 3988 χθὲς
569 3904 605 3971 δέ
620 3904 758 3992 τοιαύτη
776 3929 828 3983 τις
845 3893 894 3991 ἦν.
925 3894 1114 3987 ἀλλὰπρὸς

74 4009 181 4090 θεῶν,
200 4011 276 4087 πῶς
292 4032 376 4075 ποτε
390 4004 451 4099 χρὴ
470 4013 655 4098 πεισθῆναι
664 4020 743 4088 τοῖς
760 4005 797 4090 ἐξ
808 4003 920 4097 ἀρχῆς,
941 3993 1112 4092 ῶΣῶκρα-

902 4105 939 4162 40
