2740 4648
375 253 443 309 XX.
468 254 729 311 ΕΡΜΟΤῙΜΟΣ
748 255 870 312 60-63.
1070 244 1135 310 313

156 373 244 430 Am
283 353 326 427 Ού
347 362 457 427 τοίνυν
479 355 557 427 ούάλ
576 362 781 449 φιλοσοφίαν
803 354 863 449 ἀφ’
876 358 948 440 ένὸς
965 350 1011 429 ὧν
1033 362 1135 450 φήσει

106 489 158 543 τις
173 466 236 529 τού
249 460 397 547 πρώτου,
414 461 543 547 μάθοις
560 457 600 530 ἀν
618 457 753 531 ἅπασαν
770 457 875 530 ὁποία
892 460 995 530 ύστίν·
1014 459 1052 530 ού
1070 462 1135 553 γὰρ

19 616 20 619 ¹
106 563 190 637 ἀντι
206 554 246 653 ἦν
264 558 378 653 ὥσπερ
396 560 415 631 5
434 560 531 645 σίνος,
551 554 643 653 ᾧπερ
662 562 702 634 σύ
716 560 815 653 αύτὴυ
829 562 1019 647 ἀπεικάζεις
1032 562 1135 648 ἀξιῶν

19 720 20 723 ¹
108 663 225 753 άμοίαν
250 661 336 735 είναι
360 672 408 754 τῷ
432 667 582 755 γεύματι,
610 665 649 734 τὸ
676 668 712 736 ὀί
737 665 882 757 ἑτεροῖόν
906 693 941 735 τι
967 663 1071 757 ιύφθῃ
1095 665 1132 736 ού

105 773 271 858 παρέργου
288 774 347 858 τῆς
365 767 542 850 ἐξετάσεως
559 769 722 855 δεόμενον.
751 766 839 837 οίνον
855 769 916 854 μέν
930 767 994 857 γὰρ
1008 772 1135 859 φαύλου

106 876 277 962 πρίασθαι
294 869 328 937 έν
347 871 438 940 άυοῖν
456 868 588 957 ὀβολοῖν
610 868 628 939 5
651 872 810 953 κίνδυνος,
834 868 933 940 αὐτὸν
951 872 994 939 δέ,
1007 897 1082 941 τινα
1101 870 1134 941 ἐν

106 979 154 1062 τῷ
163 978 315 1063 συρφετῷ
323 977 595 1063 παραπολέσθαι,
615 970 661 1054 ὥς
670 977 726 1044 καί
739 971 838 1057 αύτὸς
851 971 975 1064 ένάρχῇ
985 974 1132 1064 ἔφησθα,

107 1074 147 1145 ού
162 1072 277 1165 μικρὸν
295 1072 380 1145 εἶναι
395 1077 504 1146 κακόν.
531 1073 638 1157 άλλως
650 1101 687 1145 τε
700 1072 719 1144 5
731 1078 791 1162 μὲν
804 1071 880 1145 ὅλον
894 1072 995 1158 ἀξιῶν
1009 1076 1134 1146 ἐκπιεῖν
1242 1091 1243 1094 ’

106 1177 163 1246 τὸν
179 1183 295 1263 πίθον,
319 1173 365 1258 ὥς
382 1178 683 1269 κοτύλῃνπρίαιτο,
706 1179 870 1267 ζημιώσαι
894 1175 934 1246 ἀν
950 1177 1008 1247 τὸν
1025 1180 1133 1269 κάπη-
1220 1256 1223 1261 ,

107 1283 162 1348 λον
175 1276 280 1362 σύτως
292 1277 447 1349 ἀπίθανα
459 1280 642 1369 γευόμενος,
661 1283 849 1371 φιλοσοφία
862 1282 898 1350 δὲ
911 1277 1006 1350 οάύλν
1016 1278 1133 1350 ἀυτοι-
1189 1276 1192 1282 ’

107 1389 185 1452 οὔτε
202 1383 325 1465 πάθοι,
343 1381 428 1451 ἀλλὰ
444 1379 504 1452 κάν
521 1386 706 1469 πάμπολλα
721 1390 812 1473 πίῃς,
831 1380 926 1453 οάάέν
943 1410 977 1453 τι
990 1383 1133 1453 ἐλάττων

108 1482 127 1554 5
149 1491 255 1565 πίθος
274 1490 424 1574 γίγνεται
444 1483 521 1554 0555
547 1485 747 1575 ζημιώσεται
769 1485 788 1554 5
814 1487 976 1575 κάπηλος·
1004 1486 1136 1577 ἐπιρρεῖ

106 1585 169 1678 γὰρ
185 1585 268 1657 κατὰ
284 1587 341 1681 τὴν
357 1593 541 1677 παροιμίαν
557 1587 597 1657 τὸ
615 1594 754 1680 πρᾶγμα
771 1587 1020 1675 ἐξαντλούμενον
1042 1587 1076 1670 ές
1091 1587 1132 1658 τὸ

108 1690 248 1775 ἔμπαλιν
268 1686 290 1778 ἢ
312 1686 331 1759 5
353 1697 420 1759 τῶν
441 1692 614 1760 Δαναΐδων
635 1698 757 1772 πίθος·
784 1690 905 1773 ἐκεῖνος
924 1693 984 1778 μὲν
1008 1690 1071 1780 γάρ
1093 1690 1132 1761 τὸ

107 1791 345 1879 ἐμβαλλόμενον
363 1789 401 1863 ού
420 1804 571 1877 συνεῖχεν,
596 1791 681 1863 ἀλλά
698 1795 821 1884 διέρρει
842 1790 957 1875 εὐθὺς,
982 1792 1132 1863 ίντεῦθεν
1167 1830 1172 1855 ι

108 1896 144 1965 ὀί
164 1891 203 1984 ἢν
224 1891 349 1986 ἀφέλῃς
370 1923 417 1979 τι,
445 1898 546 1966 πλέον
567 1894 607 1965 τὸ
629 1894 747 1965 λοιπὸν
771 1883 925 1986 γίγνεται.
965 1893 1073 1962 έθέλιυ
1096 1897 1134 1964 ὀί
1151 1918 1184 1968 σε

107 2024 163 2069 σοι
183 2001 239 2066 καί
260 1994 341 2067 ἀλλο
364 1994 479 2085 ύμοιον
501 2000 607 2068 εἰπεῖν
628 2001 835 2089 φιλοσοφίας
856 2001 935 2087 περὶ
959 1997 1131 2087 γεύματος,

106 2103 162 2169 καὶ
177 2102 222 2190 μή
240 2126 282 2187 με
299 2110 435 2192 νομίσῃς
450 2105 657 2191 βλασφημεῖν
673 2106 753 2190 περὶ
775 2098 886 2190 αὐτῆς,
909 2098 948 2189 ἢν
971 2101 1056 2169 ε’ίπω
1080 2096 1133 2169 ὅτι

107 2204 270 2296 φαρμάκῳ
288 2201 434 2293 ὀλεθρίῳ
453 2205 564 2287 έοικεν,
584 2203 655 2273 οἷον
671 2210 795 2293 κωνείῳ
812 2201 985 2293 ἢάκονίτιμ
1003 2200 1025 2291 ἢ
1043 2199 1132 2291 ἀλλφ

106 2307 352 2377 τῶντοιούτων·
372 2303 449 2375 ούάέ
456 2305 518 2398 γὰρ
526 2315 640 2390 ταῦτα,
656 2306 793 2396 έπείπερ
803 2308 1025 2396 θανατηφόρα
1034 2304 1131 2387 ἐστίν,

107 2406 326 2479 ἀποκτείνειεν
348 2405 388 2480 ἀν
410 2409 442 2478 εί
461 2435 512 2490 τις
534 2406 643 2498 ὀλίγον
665 2406 744 2479 ὅσον
767 2407 939 2501 ἀκαριαῖον
961 2407 1133 2491 ἀποξύσας

106 2509 214 2580 αύτιύν
231 2510 321 2601 ἀκρῳ
338 2519 385 2600 τῷ
404 2508 495 2597 ύννχι
512 2510 745 2601 ἀπογεύσαιτο,
765 2509 849 2580 ἀλλὰ
865 2510 903 2600 ἢν
916 2510 961 2602 μὴ
974 2517 1132 2579 τοσούτου

106 2610 186 2682 ὅσον
196 2613 266 2705 χρὴ,
285 2618 340 2685 καὶ
353 2611 448 2695 ὅπως
459 2617 516 2682 καί
529 2612 588 2683 σὺν
602 2612 662 2696 οἷς,
682 2611 742 2683 οὐκ
750 2610 789 2684 ἀν
803 2613 977 2682 ἀποθάνοι
991 2609 1009 2680 5
1024 2636 1131 2700 προσ-

106 2719 327 2804 ενεγκάμενος·
346 2715 385 2787 σὺ
404 2718 441 2787 55
457 2715 568 2807 ἠξίους
584 2713 798 2800 τούλάχιστον
812 2715 965 2804 ἐξαρκεῖν,
986 2711 1031 2795 ὥς
1045 2712 1132 2782 ἀπο-

104 2821 236 2889 τελέσαι
252 2819 310 2911 τὴν
326 2827 386 2891 τού
404 2815 483 2889 ὅλου
501 2826 630 2908 γνῶσιν.

157 2938 241 2994 EPM
270 2920 374 2993 Ἔστω
391 2929 496 2992 ταῦτα
514 2919 560 3004 ὥς
575 2922 699 3010 βούλει,
718 2933 848 2992 Λυκῖνε.
875 2926 910 2989 τί
925 2911 999 3000 ούνς
1017 2917 1130 2989 ἑκατὸν
1147 2941 1181 2992 σε

106 3021 161 3110 έτῃ
178 3023 237 3110 χρὴ
254 3030 374 3108 βιῶναι
390 3030 446 3095 καλ
462 3023 602 3096 τοσαῦθ’
616 3021 795 3111 ὑπομεῖναι
816 3025 1012 3114 πράγματος
1034 3020 1056 3113 ἢ
1075 3018 1133 3091 ούκ

106 3120 147 3192 ἀν
165 3120 272 3203 ἄλλως
289 3124 594 3218 φιλοσοφήσαιμινς

156 3241 242 3297 ΛΥΚ
281 3224 324 3296 Ού
345 3225 421 3317 γὰρ,
450 3220 683 3319 ιύῈρμύτιμε·
709 3234 766 3298 καὶ
787 3229 893 3298 δεινὸν
915 3226 1020 3308 οὐδὲν,
1044 3227 1132 3314 ε’ίγε

105 3325 217 3417 ἀληθῆ
236 3328 341 3417 ἕλικες
359 3328 392 3397 ἓν
410 3328 500 3420 ἅειῖ,
520 3328 566 3410 ὥς
583 3327 601 3401 ὁ
619 3331 678 3415 μὲν
694 3337 768 3415 βίος
783 3328 919 3419 βραχὺς,
942 3327 962 3417 ἡ
986 3329 1022 3396 δὲ
1038 3333 1131 3414 τέκεν

103 3431 224 3520 μακρή.
258 3438 314 3500 νῦν
336 3429 367 3501 δ’
383 3428 442 3511 ρύκ
467 3428 569 3501 οἶδ’ἱί
588 3459 622 3500 τι
647 3431 771 3500 παθῶν
798 3428 1002 3518 ἀγανακτεῖς,
1031 3430 1062 3498 εί
1086 3428 1131 3519 μὴ

104 3530 296 3624 αύθῃμερὸν
313 3531 390 3624 ἡμῖν
410 3537 489 3624 πρὶν
509 3530 602 3624 ἥλιον
624 3536 718 3603 δῦναι
734 3535 934 3624 Χρύσιππος
955 3530 976 3623 ἢ
993 3533 1132 3602 Πλάτων

102 3632 127 3723 ἢ
143 3638 348 3727 Πυθαγόρας
363 3643 482 3727 γένοιο.

158 3754 246 3813 EPM.
277 3745 435 3830 Περιέρχῃ
452 3765 503 3827 με,
523 3730 551 3807 ὦ
567 3750 696 3821 Λυκῖνε,
715 3741 770 3806 καλ
789 3734 991 3820 συνελαύνεις
1009 3737 1042 3818 ἐς
1059 3761 1133 3806 στε-

103 3836 162 3909 νὸν
181 3837 273 3911 ούάλν
289 3839 346 3919 ἀπ’
362 3842 442 3929 ἐμοῦ
464 3840 570 3912 δεινὸν
591 3839 726 3923 παθὼν,
750 3837 817 3911 ἀπὸ
841 3837 973 3930 φθόνου
997 3839 1130 3931 άῃλαάὴ,

103 3938 162 4012 ὅτι
180 3941 242 4030 ἐγώ
260 3947 319 4030 μὲν
334 3942 545 4035 προύκοπτον
567 3945 600 4014 έν
621 3957 695 4026 τοῖς
714 3944 907 4033 μαθήμασι,
936 3942 975 4013 σὺ
1000 3944 1036 4012 55
1053 3938 1132 4011 ὠλι-

97 4043 259 4143 γώρησας
276 4055 399 4143 σαυτοῦ
415 4044 680 4141 τῃλικούτοςῷν.
