2722 4646
229 187 277 255 34.
634 199 893 255 ΑΟΥΚΙΑΝΟΥ.

228 306 286 373 καὶ
301 300 441 394 θρασύν.
470 299 507 371 05
526 316 597 383 τοῖς
615 303 859 390 δικαιολογοῦσι
875 302 1000 388 μόνοις,
1020 299 1103 370 ἀλλὰ
1121 304 1176 371 καί
1188 316 1267 384 τοῖς,

229 402 415 491 εὐχομένοις
423 412 521 473 τοῦτο
532 406 707 494 χρήσιμον·
727 405 798 472 ίδοό
812 410 850 493 γέ
862 431 915 473 τοι
926 402 1042 472 αὐτίκα
1054 405 1144 490 μάλα
1153 406 1263 479 5505-

229 533 303 588 σισς
325 508 360 576 ἐκ
381 509 581 577 πενεστάτου
608 508 849 596 καταστήσεται
875 505 894 576 5
920 509 1179 598 Τίμωνβσήσας
1202 511 1263 577 καὶ

229 611 541 699 παρρησιασάμενος
559 609 591 678 ἓν
608 618 648 699 τῇ
666 607 741 700 εῦχῇ
759 613 814 678 καὶ
833 610 1038 700 ἐπιστρέψας
1055 607 1112 678 τὸν
1129 615 1211 679 Δία·
1231 609 1267 678 εδ

230 715 266 783 δὲ
282 719 395 802 σιωπῇ
414 712 573 781 ἔσκαπτεν
591 710 806 802 ἐπικεκυφῶς,
827 713 876 781 ἔτι
888 709 930 791 ἀν
943 712 1103 782 ἔσκαπτεν
1117 708 1266 800 ἀμελού-

228 841 336 901 μενος.

280 924 416 985 ΠΛΟΥΤ.
441 913 546 984 Αλλ”
531 942 595 1005 εγω
606 942 712 984 ουκαν
723 913 918 1001 απελθοιμι
935 907 1044 999 ῶΖεῦ,
1059 913 1138 1008 παρ’
1146 914 1263 988 αὐτόν.

279 1027 382 1083 ΖΕΥΣ
417 1017 536 1087 Διὰί
501 1048 548 1100 τ,
573 1023 599 1087 ιό
619 1016 733 1110 ἀριστε
749 1023 890 1102 Πλοῦτε,
913 1022 970 1087 καί
986 1026 1089 1087 ταῦτα
1108 1018 1188 1106 ἐμοῦ
1206 1045 1265 1088 κε-

229 1124 419 1206 λεάσαντος,·

179 1246 241 1294 12
259 1232 416 1293 ΠΛΟΥΤ.
444 1218 509 1292 Οτι
526 1251 563 1311 νη
548 1221 792 1313 Δίαόβριζεν
810 1222 918 1309 είςέμ
921 1225 1013 1291 δκαλ
1035 1223 1186 1314 ἐξεφόρει
1204 1229 1265 1293 καλ

228 1324 262 1405 ἐς
275 1323 384 1393 πολλὰ
396 1328 583 1415 κατεμέριζε
597 1330 652 1395 καὶ
664 1334 768 1394 ταῦτα
782 1333 937 1414 πατρῷον
952 1323 1040 1414 αότφ
1025 1324 1188 1416 φίλον”
1167 1353 1260 1409 οντα,

226 1432 282 1495 καὶ
299 1431 473 1512 μονονουχὶ
491 1430 656 1517 δικράνοις
675 1428 814 1510 ἐξεώθει
831 1454 873 1514 με
894 1435 954 1517 τῆς
972 1429 1078 1508 οἰκίας
1099 1428 1261 1518 καθάπερ

228 1530 261 1597 οἱ
286 1527 324 1597 τὸ
352 1536 419 1618 πῦρ
442 1530 476 1596 ἐκ
498 1537 563 1598 τῶν
586 1538 704 1619 χειρῶν
731 1528 1024 1619 ἀπορριπτοῦντες.
1070 1523 1173 1610 αὖθις
1201 1522 1262 1600 οῦν

228 1629 368 1699 ἀπέλθω
387 1639 587 1720 παρασίτοις
604 1637 660 1700 καὶ
677 1634 792 1714 κόλαξι
813 1637 869 1700 καὶ
887 1632 1033 1723 ἑταίραις
1054 1634 1262 1721 παραδοθη-

228 1736 381 1818 σόμενος,·
400 1732 450 1802 ἐπ’
463 1734 612 1816 ἐκείνους,
633 1727 745 1818 ῶΖεῦ,
765 1741 879 1820 πέμπε
895 1761 937 1821 με
954 1735 1032 1815 τοὺς
1050 1735 1261 1823 αἰσθησομέ-

226 1862 301 1915 νους
323 1843 381 1924 τῆς
400 1839 538 1922 δωρεᾶς,
566 1836 642 1916 τοὺς
659 1836 895 1926 περιέψοντας,
925 1836 975 1917 οἷς
992 1843 1102 1922 τίμιος
1119 1836 1182 1923 ἐγὼ
1201 1840 1260 1906 καλ

226 1941 473 2027 περιπόθητος·
501 1931 595 2008 οὗτοι
618 1943 653 2008 δὲ
676 1941 709 2008 οἱ
734 1941 831 2026 λάροι
852 1947 892 2029 τῇ
914 1946 1013 2028 πευίηι
1037 1945 1257 2021 συνέστωσαν,

225 2041 264 2129 ἢν
281 2049 489 2129 προτιμῶσιν
506 2039 606 2129 ἡμῶν,
630 2046 686 2110 καὶ
704 2044 870 2130 διφθέραν
887 2039 964 2128 παρ’
983 2039 1083 2130 αὐτῆς
1100 2042 1259 2127 λαβόντες

224 2147 280 2210 καὶ
298 2146 445 2211 δίκελλαν
464 2142 687 2232 ἀγαπάτωσαν
706 2141 823 2213 ἀθλιοι
841 2150 998 2232 τέτταρας
1016 2141 1155 2230 όβολοὺς
1169 2139 1258 2212 ἀπσ-

225 2252 388 2335 φέροντες,
409 2247 442 2312 οἱ
461 2247 715 2326 δεκαταλάντους
734 2244 859 2336 δωρεάς
877 2244 1013 2334 ἀμελητὶ
1031 2250 1233 2331 προϊέμενοι.

174 2368 205 2417 13
275 2355 378 2410 ΖΕΥΣ.
416 2345 514 2415 Οόδδν
534 2348 581 2415 δτι
599 2346 781 2417 τοιοῦτονό
800 2357 907 2434 Τι’μων
922 2348 1095 2438 ἐργάσεται
1108 2351 1189 2436 περὶ
1201 2353 1256 2415 σί·

222 2450 311 2518 πάνυ
329 2449 391 2537 γὰρ
411 2447 604 2539 αότὸνὴί
571 2453 699 2519 δίκελλα
721 2452 1029 2539 πεπαιδαγώγηκεν,
1058 2477 1087 2518 ει
1104 2448 1149 2538 μη
1168 2477 1256 2519 παν·

222 2552 368 2620 τάπασιν
387 2551 599 2641 ἀνάλγητός’
584 2579 654 2622 εστι
671 2554 729 2644 τὴν
747 2552 866 2644 ὀσφῦν,
892 2551 937 2633 ῶς
952 2560 1031 2642 χρῆν
1049 2554 1086 2621 σί
1105 2550 1178 2621 ἀντὶ
1194 2558 1257 2640 τῆς

221 2663 338 2734 πενίας
355 2663 606 2780 προαιρεῖσθαι.
635 2655 675 2725 55
692 2656 806 2742 μέντοι
822 2656 910 2725 πάνυ
928 2660 1156 2744 μεμψίμοιρος
1166 2652 1261 2722 εἶναί(

221 2784 281 2843 μοι
300 2758 459 2839 δοκεῖς,
449 2758 486 2838 ός
503 2766 558 2826 νῦν
575 2758 683 2843 μὲν
651 2786 708 2827 τον
729 2765 860 2843 Τίμωνα
878 2758 983 2847 αιτιᾷ,
1012 2758 1100 2825 διότι
1119 2782 1174 2825 σοι
1191 2753 1254 2836 τὰς

222 2856 361 2947 θυρας
341 2885 552 2941 αναπετασας
561 2859 654 2950 ηφίει
663 2874 868 2945 περινοστεῖν
882 2858 1113 2948 δ’λευθόρως
1079 2885 1154 2927 ουτε
1164 2882 1253 2924 απο-

221 2965 336 3029 κλείων
355 2959 430 3030 οότε
448 2963 654 3051 ζηλοτυπῶν·
673 2960 790 3030 ἀλλοτε
809 2964 845 3029 δὲ
861 2960 1047 3057 τούναντίον
1061 2959 1254 3051 ἠγανάκτεις

221 3062 304 3133 κατὰ
326 3071 392 3132 τῶν
414 3070 583 3135 πλουσίων
605 3067 880 3153 κατακεκλεῖσθαι
907 3067 1007 3152 λέγων
1029 3062 1115 3157 πρὸς
1142 3061 1252 3130 αὐτῶν

221 3162 288 3235 ὑπὸ
306 3169 442 3251 μοχλοῖς
459 3172 514 3237 καὶ
530 3170 635 3237 κλεισὶ
651 3170 707 3235 καὶ
725 3172 868 3256 σημείων
890 3165 1076 3253 ἐπιβολαῖς,
1106 3162 1152 3245 ῶς
1168 3165 1259 3252 μηδὲ,

220 3266 422 3358 παρακῦψαί
443 3268 498 3339 σοι
520 3269 553 3350 ἐς
573 3270 612 3339 τὸ
641 3276 714 3359 φῶς
742 3267 878 3337 δυνατὸν
905 3265 998 3336 εἶναι.
1043 3275 1147 3336 ταῦτα
1172 3271 1253 3353 γοῦν
1350 3300 1351 3321 ν

221 3368 400 3460 ἀπωδύρου
423 3373 509 3461 πρός
529 3398 572 3458 με
598 3370 850 3459 ἀποπνίγεσθαι
872 3373 974 3460 λέγων
1000 3370 1033 3438 ἒν
1059 3373 1173 3454 πολλῷ
1202 3373 1251 3455 τηῦ
1349 3406 1350 3443 ,

221 3476 343 3564 σκότῳ·
365 3477 419 3543 καὶ
439 3474 494 3543 διά
512 3481 609 3542 τοῦτο
628 3472 733 3563 ὠχρὸς
750 3470 827 3562 ἡμῖν
845 3471 982 3562 ἐφαίνου
1000 3475 1056 3538 καλ
1073 3470 1251 3559 φροντίδος

220 3574 401 3659 ἀνάπλεως,
423 3575 635 3655 συνεσπακὼς
652 3574 729 3654 τοὺς
748 3576 926 3655 δακτύλους
938 3571 1024 3664 πρὸς
1036 3571 1075 3640 τὸ
1090 3572 1171 3651 ἔθος
1184 3577 1252 3639 τῶν
1348 3630 1349 3633 ,

219 3682 385 3765 λογισμῶν
403 3683 458 3746 καλ
477 3676 739 3766 ἀποδράσεσθαι
757 3674 916 3760 ἀπειλῶν,
937 3676 967 3744 εἰ
983 3680 1100 3762 καιροῦ
1119 3675 1249 3759 λάβοιο,

219 3780 297 3870 παρ’
310 3778 432 3851 αὐτῶν·
450 3785 507 3848 καὶ
524 3777 619 3862 όλως,
638 3778 677 3849 τὸ
695 3786 833 3868 πρᾶγμα
850 3776 1041 3868 ῦπίρδεινον
1060 3776 1167 3845 ἐδόκει
1182 3801 1247 3858 σοι,

220 3881 253 3950 ἓν
264 3887 372 3969 χαλκῷ
386 3880 407 3969 5
422 3886 546 3972 σιδηρῷ
560 3890 607 3971 τῷ
620 3883 766 3970 θαλάμῳ
780 3882 936 3969 καθάπερ
950 3878 1007 3967 τὴν
1017 3880 1147 3966 Δανάην
1161 3903 1250 3966 παρ·
1346 3896 1347 3901 ’

220 3986 423 4052 θενεόεσθαι
446 3982 502 4053 ὑπ’
519 3982 667 4075 ἀκριβέσι
689 3988 744 4052 καὶ
765 3983 999 4070 παμπονήροις
1020 3983 1249 4070 παιδαγωγοῖς
