2722 4646
459 252 495 311 V.
512 252 650 308 ΤΙΜΩΝ
666 252 786 309 35-39.
1099 242 1143 310 43

88 355 203 435 ,οῦδὲν
226 352 314 444 δρῶν
333 361 402 425 τῶν
425 352 713 439 δυάστεικακῶν,
743 355 836 426 ἱκανά
859 360 917 426 καὶ
940 359 1056 451 διαρκῆ
1078 359 1141 445 ύχω

99 461 146 529 τὰ
175 457 304 549 ἀλφιτα
330 457 424 545 παρὰ
450 464 509 548 τῆς
536 461 691 547 δικέλλης.
737 456 822 527 ῶστε
848 463 1086 552 παλίνδρομος,
1114 455 1143 532 ῶ

97 559 217 652 Ἑρμῆ,
239 559 347 630 ἀπιθι
362 561 420 630 τόν
428 565 576 631 Πλοῦτον
595 559 734 650 ἀπάγων
750 569 798 650 τῷ
807 569 879 631 Διί·
898 561 971 647 ἐμοὶ
990 565 1143 634 δὲταῦτα

92 663 219 737 δκανδν
237 656 290 754 ἦν,
313 665 442 744 πάντας
460 661 664 753 ἀνθρώπους
680 662 803 753 ἡβηδὸν
822 665 974 750 οἰμώζειν
990 674 1142 754 ποιῆσαι.

155 775 248 832 EPM
280 768 466 854 ΙΜηδαμῶς,
490 758 620 854 ῶγαθί·
650 765 688 834 οά
706 766 769 856 γὰρ
787 769 911 848 πάντες.
927 769 1009 836 εἰσίν
1027 769 1145 860 ἐπιτύ-

100 871 195 939 δειοι
212 869 300 959 πρὸς
318 870 472 958 οἰμωγήν.
501 866 569 936 ἀλλ’
586 869 625 936 δα
640 868 684 936 τὰ
702 867 817 957 ὀργίλα
834 876 938 938 ταῦτα
955 874 1010 938 καὶ
1026 897 1144 960 μειρα-

95 973 210 1062 κιώδη
228 971 359 1040 καὶτὸν
376 976 523 1041 Πλοῦτον
541 974 726 1061 παράλαβε.
767 969 860 1041 ούτοι
876 970 1053 1062 ἀπόβλητά
1069 974 1143 1066 ἐστι

99 1074 146 1144 τὰ
166 1077 262 1165 δῶρα
284 1073 326 1143 τὰ
343 1072 438 1161 παρὰ
455 1082 514 1141 τοῦ
534 1075 625 1155 Διός.

156 1184 298 1240 ΠΛΟΥΤ.
340 1178 476 1258 Βούλει,
515 1168 542 1243 ιδ
573 1182 694 1262 Τίμων,
728 1178 1030 1269 δικαιολογήσωμαι
1054 1177 1142 1270 πρὸς

102 1285 159 1365 τίς
186 1277 209 1369 ἢ
225 1283 423 1363 χαλεπανεῖς
439 1305 500 1367 μοι
515 1283 659 1366 λέγοντι,Ι

156 1389 238 1447 Tm
280 1387 379 1470 Λίγε,
403 1380 448 1471 μὴ
466 1382 575 1471 μακρὰ
592 1388 718 1468 μέντοι,
742 1383 825 1471 μηδὲ
841 1382 926 1468 μετὰ
943 1391 1141 1474 προοιμίων,

101 1481 223 1574 ῶσπερ
250 1485 284 1552 οἱ
310 1483 501 1573 ἐπίτριπτοι
528 1486 678 1576 ῥήτορες·
710 1482 867 1571 ἀνέξομαι
892 1488 955 1576 γάρ
982 1482 1020 1556 σε
1046 1484 1142 1576 ὀλίγα

99 1589 244 1675 λέγοντα
262 1585 319 1655 διὰ
335 1585 393 1655 τὸν
407 1584 523 1678 Ἑρμῆν
540 1595 681 1656 τουτονί.

155 1696 297 1751 ΠΛΟΥΤ·
326 1686 440 1779 Ἕχρῆν
457 1690 516 1775 μὲν
534 1692 614 1770 ἴσως
627 1693 683 1758 καὶ
696 1688 805 1779 μακρὰ
819 1691 935 1773 εἰπεῖν,
954 1688 1039 1780 πρὸς
1053 1687 1139 1760 οὕτω
1158 1713 1192 1765 38

100 1790 216 1862 πολλὰ
233 1787 301 1859 ἀπὸ
320 1800 381 1861 σοῦ
399 1798 680 1881 κατηγορηθέντα·
704 1789 795 1877 ὅμως
813 1794 849 1859 δὲ
863 1789 926 1879 όρα
939 1794 972 1862 εἲ
981 1800 1016 1862 τί
1029 1819 1075 1876 σε,
1095 1792 1143 1875 ῶς

98 1892 186 1983 φῂς,
213 1891 364 1984 ἠδίκηκα,
394 1894 431 1975 ὃς
452 1902 518 1963 τῶν
535 1897 594 1982 μὲν
615 1893 758 1983 ἡδίστων
777 1892 934 1962 ἁπάντων
957 1897 1064 1976 α’ύτιός
1086 1921 1142 1965 σοι

103 2001 277 2085 κατέστην,
312 2004 411 2086 τιμῆς
433 2001 492 2064 καὶ
516 1998 696 2087 προεδρίας
721 1999 777 2064 καὶ
804 1998 976 2086 στεφάνων
1000 1990 1141 2086 καὶτῆς

99 2095 205 2187 ἀλλης
221 2106 362 2190 τρυφῆς,
382 2101 604 2188 περίβλεπτός
621 2125 656 2167 τε
673 2103 729 2166 καὶ
746 2097 900 2184 ἀοίδιμος
918 2097 959 2167 δι’
977 2099 1034 2185 ἐμὲ
1046 2090 1141 2189 ἦσθα

100 2205 160 2269 καὶ
182 2203 487 2290 περισπούδαστος·
520 2203 549 2269 εἰ
572 2205 663 2271 δέτι
681 2200 828 2287 χαλεπὸν
850 2202 885 2270 ἐκ
906 2209 972 2270 τῶν
992 2204 1141 2272 κολάκων

6 2304 7 2307 '
102 2309 297 2386 πέπονθας,
326 2302 473 2385 ἀναίτιος
492 2304 555 2393 ἐγώ
574 2326 643 2374 σοι·
668 2298 793 2391 μᾶλλον
812 2307 848 2374 δὲ
866 2302 966 2386 αῦτδς
982 2302 1140 2395 ἠδίκημαι

6 2448 8 2463 =
101 2414 202 2475 τοῦτο
219 2404 287 2475 ῦπδ
307 2413 381 2493 σοῦ,
402 2408 490 2476 διότι
504 2434 549 2493 με
567 2405 672 2488 ούτως
685 2406 811 2493 ἀτίμως
823 2406 986 2494 ὑπέβαλες
999 2404 1141 2495 ἀνδράσι

99 2510 303 2599 καταράτοις
317 2509 491 2579 ἐπαινοῦσι
499 2514 564 2578 καὶ
576 2512 855 2599 καταγοητεύουσι
871 2513 927 2578 καλ
940 2511 1050 2579 πάντα
1062 2511 1141 2601 τρό-

101 2637 168 2681 πον
187 2611 444 2698 ἐπιβουλεύωσί
459 2634 532 2698 μοι·
550 2616 607 2680 καὶ
621 2614 662 2681 τό
680 2638 717 2700 γε
735 2616 920 2679 τελευταῖον
939 2613 1076 2701 ἔφησθα
1094 2610 1140 2692 ῶς

17 2744 23 2765 ·
101 2715 302 2804 προδέδωκά
316 2739 363 2798 σε,
382 2713 571 2785 τούναντίον
586 2717 621 2784 δὲ
631 2713 731 2796 αὐτὸς
741 2714 952 2802 ἐγκαλέσαιμί
961 2739 1016 2782 σοι
1028 2714 1140 2782 πάντα

101 2818 229 2906 τρόπον
257 2814 443 2898 ἀπελαθεὶς
462 2815 531 2887 ὑπὸ
555 2826 616 2887 σοῦ
642 2822 698 2886 καὶ
724 2817 782 2886 ἐπὶ
808 2814 951 2906 κεφαλὴν
978 2816 1139 2898 ἐξωσθεὶς

101 2927 160 3007 τῆς
178 2920 295 3001 οἰκίας.
330 2929 505 3011 τοιγαροῦν
523 2919 595 2989 ἀντὶ
611 2924 758 3009 μαλακῆς
772 2921 926 3004 χλανίδος
943 2920 1063 3007 ταύτην
1080 2917 1138 3008 τὴν

103 3024 272 3111 διφθέραν
298 3020 318 3111 ἡ
344 3026 528 3112 τιμιωτάτη
556 3050 612 3093 σοι
636 3030 739 3092 Πενία
765 3029 1002 3112 περιτέθεικεν.
1053 3018 1139 3090 ῶστε

102 3223 191 3317 ἥκειν
209 3226 304 3318 παρὰ
322 3231 359 3297 σὲ
377 3225 464 3298 ούτω
484 3232 652 3316 δυσμενῶς
668 3226 728 3314 μοι
745 3235 1050 3318 προσενηνεγμένον.

153 3338 241 3395 ΕΣΡΜ
270 3328 367 3400 Ἀλλὰ
383 3339 439 3400 νῦν
457 3330 549 3422 ὁρᾷς,
574 3323 601 3399 ιδ
619 3336 760 3413 Πλοῦτε,
785 3331 856 3411 ολος
872 3328 934 3419 ἤδη
952 3336 1137 3419 γεγίνηταις
1154 3353 1187 3403 89

103 3428 191 3501 ῶοτε
207 3440 346 3521 θαρρῶν
364 3436 574 3525 συνδιάτριβε
592 3433 697 3524 αύτῷ·
725 3437 781 3501 καὶ
803 3433 843 3502 σὺ
865 3435 924 3518 μὲν
946 3435 1073 3501 σκάπτε
1091 3429 1138 3512 ῶς

103 3535 201 3620 ἔχεις·
228 3536 268 3604 σὺ
288 3538 323 3604 δὲ
340 3534 397 3605 τὸν
417 3535 586 3627 θησαυρὸν
602 3534 752 3625 ἀπάγαγε
769 3543 808 3625 τῇ
826 3537 970 3625 δικέλλη·
988 3533 1138 3602 ὑπακού-

102 3664 197 3709 σεται
213 3637 276 3729 γάρ
295 3638 495 3728 ἐμβοήσαντί
511 3664 576 3707 σοι.

102 3742 109 3757 ’
152 3750 232 3806 ΤΙΜ
273 3747 448 3823 Πειστίον,
475 3732 630 3831 ῶἘρμῆ,
654 3741 710 3809 καὶ
732 3731 835 3821 αὖθις
856 3743 1066 3828 πλουτητέον.
1101 3745 1139 3808 τί

101 3843 163 3934 γὰρ
187 3841 227 3912 ἀν
248 3845 304 3912 καί
325 3845 440 3912 πάθοι
460 3860 524 3926 τις,
554 3841 657 3912 ὁπότε
681 3845 714 3911 ολ
736 3845 813 3911 θεοὶ
834 3844 1017 3930 βιάζοιντο,·
1048 3840 1134 3932 πλην

103 3942 165 4035 δρα
180 3972 219 4035 γε
237 3947 285 4027 είς
303 3945 359 4015 οἶά
376 3972 418 4032 με
435 3948 616 4038 πράγματα
634 3945 807 4032 ἐμβάλλεις
827 3943 885 4016 τὸν
902 3948 1133 4032 κακοδαίμονα,

49 4122 63 4156 Ι
103 4047 234 4143 δςάχρι
249 4056 305 4121 νῦν
318 4047 602 4137 ψεῦδαιμουίστατα
619 4049 742 4138 διάγων
762 4048 881 4140 χρυσόν
898 4047 995 4141 άφνω
1014 4056 1137 4118 τοσοῦ*
