2724 4634
211 215 275 286 100
602 225 859 285 Δοεεαααου

211 335 395 424 ἐπέραστος
412 331 537 413 ἐντοῖς
554 326 712 418 ἀγκάλαις
730 325 972 418 άθυρμάτιον’
956 325 1076 417 άρκτοα
1099 327 1248 396 σκύλακα

210 435 251 514 τὸ
268 438 384 507 λάσιον
402 431 492 524 αύτῷ
510 432 744 525 προσεοικότα.
778 438 831 511 τίς
847 422 904 500 οὖν
922 428 982 499 555
1003 427 1043 499 άν
1061 431 1249 520 φθονήσειέ

213 563 283 621 σοι,
302 566 329 608 ω
315 529 529 621 Γαλάτεια,
547 536 700 607 τοιούτου
720 533 877 624 ἐραστοῦς
1098 590 1101 595 4

262 651 344 706 PAA.
385 638 505 714 055555
531 637 586 721 σὺ,
622 639 728 727 Δαρὶ,
766 637 818 707 δεῖ
804 633 921 718 5555‘
901 648 980 725 ημῖν
1005 633 1064 705 τὸν
1091 642 1248 725 σεαυτῆς,

212 747 334 816 καλλίω
363 743 461 834 δῆλον
487 737 541 811 5'55
566 737 646 811 ὄντα
671 745 728 808 καὶ
753 735 956 828 ᾠδικώτερον
981 740 1037 808 καὶ
1063 739 1249 829 κιθαρίζειν

214 846 346 941 άμεινον
364 844 592 931 ἐπιστάμενον.

263 958 343 1014 ΔῼΡ.
374 945 459 1021 355
474 944 614 1038 ἐραστής
628 947 689 1033 μὲν
707 943 903 1027 ούδεὶςέοτι
919 971 979 1032 μοι
997 941 1075 1013 5555
1091 943 1253 1031 σεμνύνο-
1360 986 1361 989 =

212 1080 276 1141 μαι
297 1052 480 1141 ἐπέραστος
502 1047 602 1118 εἶναι·
627 1054 779 1129 τοιοῦτος
801 1049 838 1116 δέ
860 1046 932 1128 οἶος
953 1044 972 1115 5
981 1046 1142 1172 Κύκλωψ
1166 1046 1251 1130 ἐστὶ,

213 1155 369 1244 κινάβρας
386 1147 568 1237 άπάζων“
539 1176 654 1240 ωσπερ
672 1147 691 1218 5
708 1151 842 1241 τράγος,
867 1146 1061 1238 ὠμοφάγος,
1081 1145 1128 1230 ὥς
1150 1173 1251 1238 φασι,
1360 1226 1361 1231 ,

211 1259 269 1324 καὶ
276 1257 477 1354 σιτούμενος
493 1253 571 1335 τοὺς
590 1252 831 1343 ἐπιδημοῦντας
846 1258 913 1320 τῶν
926 1254 1034 1335 ξένων,
1054 1275 1110 1321 σοι
1098 1255 1253 1340 γένοιτο

97 1392 100 1397 ⁴
213 1361 270 1426 καὶ
289 1355 330 1427 σὺ
348 1354 512 1447 ἀντερῴης
529 1353 642 1425 55555.

620 1559 622 1565 ’
716 1541 742 1595 2.

412 1642 646 1749 ΚΥΚΔΩΠΟξ
667 1642 743 1698 ΚΑΙ
764 1642 1060 1701 ΠΟΣΕΙΔΩΝΟΣ.

180 1781 196 1832 1
266 1776 352 1832 ΚΥΚ.
391 1756 569 1854 ἷΩπάτερ,
603 1761 660 1833 οἶα
684 1768 846 1833 πέπονθα
874 1758 944 1832 555
973 1769 1033 1831 555
1062 1764 1252 1852 καταράτου

216 1866 348 1950 ξένου,“
332 1894 370 1950 ος
381 1869 534 1954 μεθύσας
548 1867 754 1957 ἐξετύφλωσέ
764 1891 807 1952 με
820 1871 1012 1955 κοιμωμένῳ
1027 1865 1254 1955 ἐπιχειρήσας

266 1978 354 2033 ΠΟΣ.
394 1977 450 2050 Τίς
468 1961 590 2060 δ’ήν(
574 1998 594 2040 ο
603 1959 961 2096 ταύτατολμήσρις,ς
933 1996 961 2036 ω
978 1970 1177 2058 Πολύφημε,-

266 2078 352 2134 ΚΥΚ.
394 2072 437 2141 Τὸ
458 2074 518 2158 μὲν
458 2060 669 2163 ιπρωτσν
688 2063 784 2142 Οὖτιν
801 2068 902 2139 αὑτὸν
913 2069 1095 2154 άπεκάλει,
1121 2070 1197 2141 ἐπει
1185 2072 1255 2143 55

216 2174 350 2262 διέφυγε
368 2177 424 2243 καὶ
442 2165 542 2256 ’έξω
521 2202 559 2262 ην
574 2179 615 2261 ,δέ
616 2177 706 2256 λονς,
724 2171 891 2255 Ὀδυσσεύς
910 2171 1172 2260 ὀνομάζεσθαι”
1152 2199 1232 2263 εφη.

265 2283 372 2337 ΠΟΣ..
392 2274 508 2344 0555
492 2303 528 2344 ον
546 2274 716 2364 λέγεις,
682 2302 740 2345 τον
749 2273 950 2366 Ἰθακήσιον·
969 2276 1005 2361 ἐξ
1014 2275 1070 2345 Ἰλί
1056 2283 1107 2345 ίσυ
1127 2272 1159 2345 5
1176 2273 1253 2344 555-

214 2378 304 2445 πλει.
331 2374 415 2445 άλλδι
428 2384 503 2458 ποῦς
518 2385 624 2449 ταῦτα
638 2379 777 2468 ἔπραξεν
792 2376 831 2447 55
850 2379 889 2468 55
903 2378 990 2447 πάνυ
1006 2376 1174 2468 εὐθαρσὴς
1188 2376 1254 2464 5¹5,-

183 2503 199 2551 2
266 2494 353 2551 ΚΥΚ.
397 2483 589 2568 Κατέλαβον
611 2481 644 2551 ἐν
665 2487 712 2569 τῷ
736 2477 842 2570 άντρφ
865 2477 935 2549 άπὸ
961 2487 1021 2569 τῆς
1045 2487 1146 2568 νομῆς
1172 2478 1258 2549 555-

216 2587 365 2671 στρέψας
386 2584 533 2665 πολλούς
553 2609 659 2666 τινας,
687 2582 963 2671 ἐπιβουλεύοντας
984 2585 1081 2672 δῆλον
1104 2579 1158 2652 5'55
1180 2597 1255 2666 τοῖς

214 2689 401 2770 ποιμνίοις·
420 2683 495 2755 ἐπεὶ
511 2683 573 2775 γάρ
593 2685 744 2774 ἐπέθηκα
760 2691 801 2776 τῇ
819 2687 910 2775 θύρᾳ
927 2684 966 2755 τὸ
979 2690 1255 2778 πῶμα-πέτρα

110 2778 112 2783 ’
217 2787 254 2857 δέ
272 2785 344 2855 ἐστι
363 2791 698 2912 παμμεγέθης-καλ
710 2786 752 2857 τὸ
770 2794 838 2876 πύρ
853 2786 1015 2857 ἀνέκαυσα
1034 2787 1255 2914 ἐναυσάμενος

217 2888 235 2954 5
256 2886 373 2977 ἐφερον
392 2887 562 3014 δένδρον’
543 2888 611 2965 απὸ
629 2898 689 2959 τοῦ
709 2887 820 2980 ύρους,
841 2890 1009 2981 ἐφάνησαν
1026 2887 1254 2979 άποκρύπτειν

217 2989 355 3070 ἑαυτοὺς
365 2993 581 3080 πειρώμενοι·
602 2991 666 3082 ἐγὼ
678 2991 1120 3080 δὲσυλλαβαύντιναςαύτιῦν,
1137 2990 1254 3084 ὥσπερ

217 3083 341 3172 εἰκὸς
320 3120 368 3183 ην,
377 3100 573 3225 κατέφαγρν
590 3095 711 3184 ληστάς
722 3121 760 3184 γε
777 3092 883 3176 ὄντας.
912 3093 1090 3166 ἐνταῦθαδ
1106 3123 1256 3189 πανουρη

215 3193 355 3281 γάτατος
373 3194 507 3321 ἐκεῖνρς,
527 3189 744 3278 εἴτεθύτις’
718 3199 784 3269 εύτε
800 3189 1005 3321 '05555559
984 3226 1037 3289 ην,
1057 3201 1178 3289 δίδωσί
1163 3204 1256 3287 ίμοι

215 3310 306 3366 πιεῖν
320 3299 494 3388 φάρμακόν
505 3327 540 3369 τι
554 3298 677 3388 ἐγχέας,
691 3298 751 3390 555
765 3302 825 3425 μέγ
837 3298 944 3370 καλ”
906 3326 1057 3388 ευοσμον,
1074 3282 1256 3391 ἐπιβουλό-

215 3425 314 3468 τατον
332 3402 369 3468 δὲ
386 3427 441 3469 και
430 3391 806 3492 ταραχωδέστατον·
790 3400 923 3473 ἅπαντα
942 3403 1005 3494 γὰρ
1024 3402 1127 3487 εύθύς
1144 3406 1255 3478 ἐδόκει

215 3527 277 3587 μοι
293 3509 541 3592 περιφέρεσθαι
557 3506 671 3574 πιόντι
687 3504 798 3575 καὶτὸ
817 3505 1039 3596 σπήλαιον’
997 3506 1081 3577 αυτὸ
1100 3505 1256 3600 άνεστρέ·

217 3628 300 3693 φετο
317 3609 372 3672 καὶ
391 3603 499 3675 οὐκέτι
518 3603 603 3687 ὅλως
624 3606 658 3677 ἒν
675 3599 858 3693 ἐμαυταν
835 3637 889 3698 ην,
915 3613 1010 3692 τέλος
1032 3609 1065 3680 5²
1080 3608 1170 3693 εἰς(7
1148 3639 1256 3685 υττνον

216 3708 465 3796 κατεσπάσθην.
509 3706 571 3777 55
573 3707 777 3793 δάποξύνας
797 3709 854 3779 τὸν
874 3711 997 3798 μοχλὸν
1018 3716 1075 3782 καὶ
1091 3715 1256 3804 πυρώσας

217 3833 254 3897 γε
279 3813 419 3895 προσέτι
446 3809 616 3899 ἐτύφλωσέ
639 3838 681 3898 με
706 3813 927 3901 καθεύδοντα,
963 3812 1097 3887 καὶαπ
1093 3813 1254 3889 ἐκείνου

110 3943 115 3949 ·
217 3911 343 4000 τυφλός
361 3911 431 3997 είμί
448 3936 516 3993 σοι,
545 3905 762 3985 ὦΠόσειδον.
795 3968 798 3973 ,
900 3980 902 3987 ,

184 4030 201 4081 ο
268 4020 355 4079 ΠΟΣ.
386 4010 435 4094 Ὦς
449 4013 561 4102 βαθὺν
579 4014 774 4108 ἐκοιμήθης,
793 4009 953 4107 ὦτέκνον,
972 4020 1011 4104 ἐς
1023 4018 1084 4091 ούκ
1096 4021 1254 4117 ἐξέθορες
