2740 4648
254 246 318 313 332
495 236 501 247 ’
639 256 893 316 οσνιωειεον

203 408 205 413 .
252 370 331 454 μέιη
348 371 389 456 τῇ
400 362 503 455 δπλῇ,
524 361 542 432 ὃ
561 364 598 433 δὲ
612 364 752 450 ἐ’μπαλιν
766 362 1049 433 ἒπανίστατοιικαὶ
1061 370 1122 434 τού
1135 364 1280 456 ἐδάφους
1349 364 1350 433 J

253 463 540 554 ἀντιλαμβάνεται,
561 464 630 535 οἷοί
646 466 729 535 εἰσιν
746 466 855 545 ἵππου
874 462 1077 555 πειρωμένου
1096 464 1278 558 ἀναπηδᾶν.
1349 496 1350 541 3

251 581 324 636 τοῖν
339 581 482 657 νεογνοῖν
504 564 540 637 δὲ
560 566 598 637 τὸ
620 569 680 654 μὲν
702 564 769 636 ἀνω
793 567 860 653 ἔχει
876 565 958 658 αὕτη
976 567 1010 636 έν
1026 582 1101 650 ταῖς
1122 566 1280 657 ἀγκάλαις
1349 608 1350 635 ;

195 690 199 697 ’
251 673 307 739 καὶ
323 676 439 760 τρέφει
453 668 679 760 ἀνθρωπικῶς
696 669 860 756 ἐπέχουσα
876 668 933 739 τὸν
948 684 1130 759 γυναικεῖον
1141 672 1277 759 μαστὸν,

250 770 289 841 τὸ
307 770 340 841 δ’
351 772 464 863 ἕτερον
483 762 518 842 δκ
537 779 596 864 τῆς
618 772 726 842 ἵππου
748 772 889 862 θηλάζει
908 770 945 854 ές
960 770 1019 842 τὸν
1038 773 1186 842 πωλικὸν
1202 777 1281 864 τρό-
1349 764 1350 773 ¹

148 896 150 901 ·
250 894 330 944 πον·
358 872 425 943 ἀνω
449 876 485 944 δὲ
505 880 564 964 τῆς
585 874 709 956 εἰκόνος
731 873 802 944 οἷον
822 871 1002 956 ἀπότινος
1024 882 1150 964 σκοπῆς
1163 873 1279 946 ‘Imm-

250 979 425 1067 κένταυρός
441 1003 505 1059 τις,
529 975 609 1068 ἀνὴρ
627 976 748 1067 ἐκείνης
765 976 889 1068 δηλαδὴ
907 983 965 1066 τῆς
981 975 1025 1045 τά
1039 983 1150 1068 βρέφη
1162 976 1278 1069 ,ἀμφσ-
1349 1002 1350 1007 ’

181 1102 182 1106 ’
250 1085 397 1169 τέρωθεν
413 1086 659 1169 τιθηνουμένης,
679 1078 852 1149 ἐπικύπτει
868 1083 972 1168 γελῶν
989 1077 1049 1165 ούχ
1064 1077 1142 1161 δλος
1160 1082 1279 1170 φαινύ-
1349 1140 1350 1165 ,

249 1207 359 1268 μενος,
384 1178 453 1250 ἀλλ’
470 1181 504 1263 ές
519 1187 620 1267 μέσον
638 1184 694 1253 τὸν
711 1181 829 1266 ἵππον,
850 1185 983 1263 λέοντος
998 1183 1138 1268 σκύμνον
1156 1179 1278 1268 ἀνέχων
1349 1172 1350 1183 ¹

106 1340 124 1382 ,ἲ
249 1290 291 1373 τῇ
317 1285 409 1374 δεξιᾷ
434 1287 489 1353 καὶ
514 1281 599 1372 δπὲρ
625 1281 739 1352 ἑαυτὸν
766 1284 910 1375 αἰωρῶν,
944 1282 991 1366 ῶς
1021 1286 1188 1368 δεδίξαιτο
1220 1285 1277 1355 σὺν

217 1410 233 1458 ο
250 1387 374 1475 παιδιᾷ
389 1384 432 1454 τὰ
448 1391 581 1476 βρέφη-
602 1385 644 1453 τὰ
660 1387 720 1471 μὲν
738 1377 794 1456 σύν
811 1383 894 1455 ἀλλα
910 1393 969 1476 τῆς
984 1394 1126 1478 γραφῆς,
1150 1384 1202 1477 ἐφ’
1215 1384 1279 1459 ὅσα

250 1500 321 1570 τοῖς
339 1486 582 1576 ίδιιάταιςζὴμῖν
600 1486 639 1556 ού
655 1489 771 1578 πάντη,
782 1488 914 1578 ἐμφανῆ
928 1486 1008 1559 ύντα
1024 1487 1082 1579 τὴν
1095 1484 1173 1577 ὅλην
1187 1486 1278 1576 ὅμως

251 1590 318 1673 ἐ’χει
336 1591 472 1674 δύναμιν
490 1597 547 1677 τῆς
563 1596 688 1681 τέχνης,
712 1590 783 1660 οῖον
798 1590 838 1659 τὸ
857 1588 1031 1660 ἀποτεῖναι
1047 1588 1108 1672 τδις
1124 1593 1279 1680 γραμμὰς

250 1691 284 1772 ές
305 1689 343 1759 τὸ
366 1689 549 1762 εύθύτατον
570 1696 626 1760 καὶ
646 1700 712 1763 τῶν
731 1694 914 1785 χρωμάτων
939 1690 1057 1783 ἀκριβῆ
1081 1691 1139 1783 τὴν
1161 1702 1284 1781 κρᾶσιν.
1349 1778 1350 1783 ¹

249 1796 305 1861 καὶ
326 1790 475 1884 εύκαιρον
496 1794 554 1885 τὴν
577 1792 734 1886 ἐπιβολὴν
760 1795 974 1885 ποιήσασθαι
997 1799 1055 1864 καί
1080 1797 1216 1866 σκιάσαι
1244 1797 1279 1878 ἐς

249 1897 323 1965 δέον
340 1900 394 1964 καί
411 1904 469 1965 τοῦ
486 1894 650 1986 μεγέθδυς
666 1895 723 1966 τὸν
739 1898 835 1985 λόγον
852 1901 908 1966 καί
920 1897 978 1987 τὴν
990 1905 1057 1976 τῶν
1068 1904 1177 1988 μερῶν
1190 1898 1278 1989 πρὸς

246 1997 286 2066 τὸ
305 1994 382 2067 ἀλον
400 1999 537 2088 ἰσότητα
553 2002 610 2068 καί
627 1998 785 2089 ἁρμονίαν
801 2006 954 2091 γραφέων
966 2003 1087 2082 παῖδες
1101 2001 1277 2070 έπαινούν-

247 2127 322 2184 των,
347 2099 397 2181 οἷς
415 2100 506 2189 ἔργον
525 2102 646 2171 είδίναι
666 2102 708 2171 τά
729 2110 881 2172 τοιαῦτα·
905 2102 968 2192 ἐγὼ
991 2105 1027 2173 δὲ
1043 2111 1102 2172 τοῦ
1120 2104 1274 2185 Ζεύξιδος

248 2200 349 2271 ἐκεῖνο
370 2203 516 2288 μάλιστα
538 2203 694 2296 ἐπῄνεσα,
723 2201 777 2274 ὅτι
799 2205 832 2273 δν
854 2213 917 2295 μιᾷ
941 2208 997 2273 καὶ
1016 2212 1057 2297 τῇ
1080 2202 1162 2296 αάτῇ
1188 2202 1278 2275 ύπο·

247 2310 345 2372 θέσει
361 2308 521 2387 ποικίλως
541 2305 580 2375 τὸ
598 2296 755 2396 περιττὸν
775 2307 966 2390 ἐπεδείξατο
987 2315 1045 2397 τῆς
1065 2314 1190 2397 τέχνης,
1219 2307 1278 2377 τὸν
1349 2336 1350 2391 ι

246 2408 305 2491 μέν
326 2402 430 2496 ἀνδρα
450 2408 596 2497 ποιήσας
620 2408 728 2497 πάντη
755 2407 897 2498 φοβερὸν
922 2413 979 2479 καὶ
1005 2413 1123 2501 κομιδῇ
1150 2408 1277 2499 ἀγριον,

156 2514 161 2529 ’
246 2507 390 2598 σοβαρὸν
406 2516 445 2599 τῇ
461 2516 572 2600 χαίτη,
595 2512 711 2580 λάσιον
732 2510 774 2579 τδι
796 2509 905 2580 πσλλδι
928 2509 967 2581 ού
985 2512 1068 2582 κατὰ
1088 2512 1146 2584 τὸν
1167 2513 1279 2582 ἵππον

247 2608 348 2680 αύτού
369 2613 478 2698 μόνον,
503 2609 587 2681 ἀλλά
610 2618 665 2682 καί
686 2612 763 2683 καθ’
778 2613 889 2702 ἕτερον
909 2618 969 2683 τού
989 2608 1191 2705 ἀνθρώπων,
1219 2619 1278 2687 καί

247 2712 364 2803 ἐξάρας
382 2711 471 2803 αύτῷ
489 2714 567 2796 τοὺς
584 2713 696 2801 ὤμους
714 2715 772 2786 ἐπί
789 2721 954 2799 πλεῖστον,
977 2716 1016 2786 τὸ
1033 2720 1176 2803 βλέμμα,
1201 2726 1279 2786 καί·

244 2843 298 2884 τοι
315 2819 482 2910 γελῶντος,
501 2820 670 2908 θηριῶδες
688 2815 764 2888 ὅλον
780 2822 837 2889 καὶ
854 2816 963 2911 ἀρειόν
978 2843 1013 2888 τι
1028 2823 1085 2887 καὶ
1103 2816 1275 2909 ἀνήμερον.

213 2942 228 2991 6
246 2925 394 2987 τοιοῦτον
410 2922 470 3005 μὲν
488 2919 622 3005 ἐκείνου,
644 2920 703 3010 τὴν
720 2923 861 3011 θήλειαν
881 2923 918 2989 δὲ
934 2920 1043 2990 ἵππου
1066 2947 1104 3011 γε
1120 2929 1176 3013 τῆς
1191 2926 1279 2990 καλ-

245 3025 370 3108 λίστης,
391 3019 462 3089 οἶαι
477 3023 622 3107 μάλιστα
634 3024 676 3097 ,αἱ
694 3027 856 3093 θετταλαί
872 3025 968 3106 εἰσιν,
992 3020 1134 3113 ἀδμῆτες
1152 3023 1200 3094 ’έτι
1216 3028 1278 3093 καὶ

245 3120 379 3208 ἀβατοι,
402 3121 441 3192 τὸ
460 3123 491 3192 δ’
502 3122 570 3193 ἀνω
588 3122 749 3214 ἡμίτομον
765 3125 917 3214 γυναικὸς
934 3127 1103 3214 πάγκαλον
1124 3127 1187 3210 ἔξω
1205 3134 1276 3195 τῶν

131 3284 133 3291 .
245 3221 352 3293 ἀν’των·
375 3225 481 3294 ἐκεῖνα
498 3227 535 3294 δὲ
551 3228 637 3312 μόνα
655 3228 828 3319 σατυρώδη
847 3228 934 3298 ἐστίν
952 3225 1049 3318 αὐτῇ·
1070 3232 1127 3297 καί
1143 3227 1163 3317 ἡ
1181 3231 1276 3315 μῖξις

246 3328 282 3396 δὲ
303 3330 359 3396 καί
379 3326 399 3418 ἦ
422 3325 548 3418 ἁρμογὴ
570 3336 637 3400 τῶν
660 3333 831 3416 σωμάτων,
857 3327 971 3399 καθδ
994 3332 1196 3400 συνάπτεται
1215 3334 1277 3399 καί

245 3432 411 3499 συνδεῖται
418 3438 466 3520 τῷ
474 3437 644 3521 γυναικείῳ
657 3433 696 3503 τὸ
711 3433 858 3516 ἱππικὸν,
877 3430 983 3524 ἠρέμα
995 3436 1050 3500 καὶ
1063 3431 1121 3501 σύν
1134 3430 1277 3519 ἀθρόως

243 3538 490 3619 μεταβαίνουσα
513 3536 569 3601 καί
594 3533 630 3602 ἐκ
654 3540 873 3624 προσαγωγῆς
902 3540 1084 3628 τρεπομένη
1110 3536 1277 3605 λανθάνει

243 3633 302 3724 τὴν
320 3631 402 3722 ύψιν
419 3634 454 3703 έκ
469 3641 616 3726 θατέρου
634 3636 669 3718 ές
685 3636 724 3705 τὸ
747 3638 856 3726 ἕτερον
876 3635 1076 3728 ἀπαγομένη.
1110 3651 1182 3706 τοῖν
1198 3662 1277 3705 νεο-

243 3750 332 3826 γνοῖν
350 3739 387 3806 δέ
402 3736 441 3807 τὸ
465 3737 498 3806 έν
514 3745 562 3827 τῷ
584 3745 691 3828 νηπίῳ
714 3736 806 3825 ὅμως
822 3737 937 3831 ἀγριον
956 3744 1011 3809 καὶ
1030 3738 1063 3809 έν
1084 3745 1132 3829 τῷ
1149 3736 1278 3828 ἁπαλῷ

243 3838 305 3929 ἤδη
323 3838 476 3931 φοβερὸν,
499 3844 554 3908 καί
571 3848 669 3911 τούτο
690 3842 887 3928 θαυμαστὸν
908 3840 979 3912 οῖον
1001 3841 1092 3926 ίδοξέ
1111 3867 1186 3929 μοι,
1214 3845 1279 3910 καί

245 3939 300 4010 ὅτι
320 3944 484 4023 παιδικῶς
504 3944 596 4028 μάλα
615 3942 702 4031 πρὸς
722 3944 782 4014 τδν
804 3948 944 4033 σκύμνον
959 3951 1020 4014 τού
1042 3948 1173 4026 λέοντος
1191 3941 1280 4013 ἀνα-

242 4047 415 4130 βλέπουσι,
433 4044 554 4131 μεταξδ
564 4051 621 4134 τῆς
628 4050 737 4135 θηλῆς
748 4046 899 4139 ἑκάτερος
911 4047 1141 4136 ἀπειλημμένοι
1156 4045 1282 4137 λυγρῷ
