2722 4646
426 215 479 270 ΠΙ.
504 215 712 271 ΝΙΓΡΙΝΟΣ
728 214 815 270 4-9.
1100 206 1142 273 15

90 322 212 390 mxlv]
230 316 318 409 πρὸς
335 316 477 405 έμαυτδν
492 315 535 387 τὰ
553 319 716 410 εἷρημένα.
751 322 808 387 καὶ
821 313 935 411 ὥσπερ
953 320 988 389 οἱ
1005 316 1142 411 ἐρασταὶ
1160 346 1175 395 ι

94 430 171 493 τῶν
179 418 583 510 παιδικῦνοῦπαρδντων
592 419 655 512 ἔργ’
667 417 751 493 άττα
762 423 819 489 καί
827 423 944 510 λόγους
954 424 1142 514 εἰρημένους

91 523 220 606 αύτοῖς
243 524 540 614 διαμνημονεύουσι
563 527 620 595 καί
639 525 771 605 τούτοις
788 523 1045 612 ἐνδιατρίβοντες
1067 526 1141 611 ἐξα-

94 633 242 698 πατῶσι
257 624 316 717 τὴν
332 626 440 710 νόσον,
459 623 507 709 (ῦς
522 627 697 715 παρόντων
711 632 810 716 σφίσι
821 633 887 695 τιῦν
900 625 1140 716 ἀγαπωμένων·

95 730 186 801 ἔνιοι
202 735 284 818 γοῦν
300 726 412 815 αῦτοῖς
424 731 480 799 καλ
497 730 841 821 πρυσλαλεῖνοῖσνται
857 732 913 799 καὶ
929 728 976 811 ὥς
994 728 1071 821 ἀρτι
1087 737 1141 802 λε-
1220 815 1223 821 ⁴

94 839 250 924 γσμένων
262 830 349 922 πρὸς
358 829 478 913 αύτούς
491 823 537 900 ὧν
545 832 622 901 τότε
630 829 782 919 ἤκουσαν,
792 830 928 923 ἥδονται
940 836 995 901 καὶ
1009 837 1140 923 προσά-

94 932 577 1026 ψαντεςτὴνψυχηντῇμνήμη
585 926 942 1027 τῶνπαρεληλυθδτων
954 935 1072 1026 σχολὴν
1081 935 1139 1005 οῦκ

96 1036 223 1130 ἄγουσι
238 1050 311 1119 τοῖς
327 1036 361 1106 έν
377 1040 478 1107 ποσὶν
495 1035 674 1106 ἀνιᾶσθαι·
692 1025 779 1108 οῦτω
793 1039 833 1129 δὴ
850 1042 907 1108 καὶ
924 1036 1026 1121 αὐτὸς
1041 1043 1140 1132 φιλο-

97 1146 229 1233 σοφίας
246 1138 286 1210 οῦ
301 1140 476 1232 παρούσης
491 1139 570 1221 τοῦς
586 1141 718 1229 λόγους,
737 1142 795 1224 οὓς
810 1142 888 1211 τότε
904 1138 1043 1232 ἤκουσα,
1062 1167 1139 1213 συν-

95 1232 325 1336 ἀγείρων-κάλ
349 1241 436 1334 πρὸς
452 1241 600 1329 ’ἐμαυτὸν
626 1241 847 1313 ἀνατυλίττων
874 1242 911 1314 ού
933 1243 1051 1335 μικράν
1073 1245 1135 1330 έχω

96 1352 338 1439 παραμυθίαν·
368 1350 426 1414 καλ
447 1343 546 1429 ὅλως,
572 1347 731 1436 καθάπερ
753 1346 786 1416 ἓν
808 1348 946 1435 πελάγει
966 1351 1023 1416 καὶ
1045 1351 1138 1418 νυκτὶ

96 1454 209 1541 πολλῇ
227 1449 410 1540 φερόμενος
427 1447 461 1530 δς
478 1450 606 1539 πυρσόν
622 1475 696 1518 τινα
712 1456 830 1518 τοῦτον
848 1446 1031 1537 ἀποβλέπω
1049 1459 1137 1520 πᾶσι

96 1555 405 1643 μὲνπαρεῖναιτοΐς
417 1547 474 1620 ἀπ’
486 1551 566 1637 ἐμοῦ
578 1558 820 1639 πραττομένοις
832 1551 889 1621 τὸν
899 1549 1002 1642 ἀνδρα
1016 1552 1136 1622 ἐκεῖνον

97 1656 266 1743 οἰόμενος,
295 1653 348 1722 ἀεὶ
366 1654 403 1723 δὲ
421 1648 535 1743 ὥσπερ
553 1651 681 1722 ἀκούων
704 1651 807 1723 αῦτοῦ
828 1653 871 1723 τά
889 1654 973 1723 αὐτὰ
989 1657 1087 1745 πρός
1093 1682 1135 1742 με

98 1763 267 1850 λέγοντος·
286 1754 390 1827 ἐνίοτε
403 1758 449 1840 δὲ,
463 1760 520 1825 καί
531 1758 677 1843 μάλιστα
690 1751 770 1826 όταν
784 1755 935 1849 ἐνερείσω
949 1756 1007 1847 την
1015 1757 1133 1847 ψυχὴν,

97 1865 156 1931 καὶ
176 1859 216 1930 άδ
237 1860 424 1947 πρόσωπον
445 1857 548 1929 αύτοῦ
569 1884 630 1946 μοι
651 1865 807 1950 φαίνεται
827 1864 962 1950 καὶτῆς
984 1858 1134 1950 φωνῆςό

99 1955 179 2054 ἦχος
195 1963 229 2031 έν
245 1975 321 2043 ταῖς
338 1958 454 2044 ἀκοαῖς
470 1967 669 2055 παραμένει·
685 1964 742 2030 καί
753 1962 816 2053 γάρ
824 1988 887 2032 τοι,
895 1961 979 2031 κατὰ
996 1960 1053 2030 τὸν
1070 1989 1135 2029 κω-

97 2065 194 2154 μικόν
212 2062 260 2146 ὥς
277 2062 416 2155 ἀληθοῦς
433 2064 625 2154 έγκατέλιπέ
640 2091 675 2134 τι
689 2069 821 2153 κέντρον
836 2077 908 2146 τοῖς
926 2062 1095 2134 ἀκούουσι.

83 2187 88 2194 ·
149 2170 258 2234 ΕΤΑΙ.
291 2175 396 2252 Παῦε,
415 2158 443 2236 ὦ
460 2168 646 2255 θαυμάσιε,
668 2165 785 2257 μικρὸν
802 2165 1062 2258 ἀνακρουόμενος
1077 2170 1167 2244 καλε

97 2274 171 2360 λέγε
190 2270 227 2354 ἐξ
243 2268 343 2360 ἀρχῆς
360 2268 532 2358 ἀναλαβὼν
549 2268 611 2361 ἤδη
629 2268 672 2340 τὰ
689 2270 857 2362 εἰρημένα·
875 2268 922 2353 ὥς
940 2269 979 2341 ού
991 2277 1134 2365 μετρίως

95 2398 141 2461 με
160 2371 352 2454 ἀποκναίεις
367 2373 547 2465 περιάγων.
1191 2462 1193 2466 ,

150 2481 263 2541 ΔΟΥΚ.
295 2466 347 2545 Εῦ
364 2478 482 2564 λέγεις,
508 2478 564 2544 καὶ
587 2472 673 2544 οῦτω
693 2474 755 2565 χρὴ
772 2490 894 2547 ποιεῖν.
931 2473 1000 2546 ἀλλ’
1017 2476 1130 2560 ἐκεῖνο,

98 2568 126 2647 ὦ
144 2576 267 2669 ἑταῖρε,
286 2575 349 2668 ἤδη
366 2576 538 2667 τραγικοὺς
553 2575 575 2668 ἢ
592 2581 648 2646 καί
664 2576 702 2668 νὴ
720 2586 786 2648 Δία
802 2577 966 2664 κωμικούς
983 2580 1134 2669 φαύλους

98 2680 239 2768 ἑόρακας
258 2676 453 2770 ῦποκριτάς,
478 2688 546 2751 τῶν
569 2686 808 2769 συριττομένων
828 2683 912 2768 λέγω
933 2683 1132 2749 τούτωνκαὶ

97 2783 365 2873 διαφθειρόντων
385 2783 429 2853 τὰ
450 2784 623 2876 ποιήματα
639 2785 695 2853 καλ
715 2781 754 2851 τὸ
771 2787 959 2854 τελευταῖον
976 2782 1147 2870 ἔκβαλλε,

96 2890 216 2974 μένων,
233 2891 344 2955 καίτοι
359 2893 426 2957 τῶν
443 2887 620 2978 δραμάτων
635 2885 797 2968 πολλάκις
813 2877 850 2955 εῦ
867 2885 1006 2972 ἐχόντων
1022 2912 1059 2957 τι
1075 2890 1132 2955 καὶ

96 2989 324 3078 νενικηκότωνς
1124 3014 1128 3021 ’

147 3099 246 3156 ETAL
278 3090 428 3174 Πολλοὺς
444 3082 521 3163 οἶδα
536 3094 720 3175 τοωύτους.
756 3090 840 3161 ἀλλὰ
852 3098 888 3162 τί
902 3100 1018 3174 τοῦτσς

147 3202 260 3259 ΛΟΥΚ.
293 3196 436 3267 Δέδοικα
451 3197 497 3287 μή
516 3222 572 3267 σοι
588 3195 710 3284 μεταξὺ
720 3196 812 3280 δόξω
825 3199 962 3286 γελοίως
976 3193 1060 3265 αὐτὰ
1071 3223 1129 3282 μι-
1172 3194 1195 3267 ,’

95 3305 252 3383 μεῖσθαι,
278 3296 397 3385 τὰμὲν
415 3296 564 3382 ἀτάκτως
581 3305 750 3391 συνείρων,
777 3299 880 3368 ἐνίοτε
898 3300 935 3367 δέ
955 3301 1012 3369 καλ
1030 3296 1142 3367 αῦτὸν-

96 3397 152 3470 ἀπ’
164 3397 342 3481 ἀσθενείας
353 3400 411 3470 τὸν
424 3408 499 3472 νοῦν
508 3405 727 3493 διαφθείρων,
741 3392 826 3493 κᾷτα
838 3403 1129 3495 προαχθῇςήρέμα

96 3505 152 3570 καὶ
164 3499 265 3571 αῦτοῦ
278 3511 484 3593 καταγνῶναι
498 3511 558 3573 τοῦ
572 3506 750 3595 δράματος.
785 3507 842 3573 καὶ
852 3503 891 3572 τὸ
905 3506 964 3591 μέν
977 3501 1068 3590 ἐμὸν,
1088 3499 1127 3570 οῦ

95 3605 182 3675 πάνυ
202 3601 367 3694 ἀχθομαι,
393 3604 415 3697 ἡ
438 3607 475 3677 δδ
494 3605 662 3689 ἀπόθεσις
684 3604 722 3681 οῦ
742 3614 885 3701 μετρίως
904 3631 947 3693 με
968 3606 1127 3697 λυπήσειν

96 3706 182 3778 ἔοικε
208 3716 476 3780 συνεκπίπτουσα
501 3712 562 3779 καλ
586 3709 625 3781 τὸ
651 3709 731 3796 ἐμὸν
756 3715 863 3795 μέρος
885 3706 1127 3798 ἀσχημονοῦσα.

94 3807 184 3881 τοῦτ’
202 3803 259 3883 οῦν
283 3810 363 3902 παρ’
382 3809 469 3883 δλυν-
483 3815 630 3902 μέμνησό
656 3837 716 3899 μοι
739 3811 797 3881 τὸν
819 3811 930 3901 λόγον,
957 3808 1004 3894 ὥς
1025 3807 1046 3880 ὅ
1066 3812 1158 3898 μδνυ

95 3913 237 4006 ποιητὴς
252 3912 328 4006 ἡμῖν
347 3922 413 3987 τιῦν
429 3916 588 3996 τοιούτων
608 3912 852 4005 ἁμαρτημάτων
873 3908 1055 3999 ἀνεύθυνος
1069 3918 1127 3984 καλ
1247 3934 1250 3939 ’
1351 3902 1352 3905 ¹

96 4024 152 4108 τῆς
170 4026 288 4113 σκηνῆς
305 4020 421 4111 πόρρω
438 4046 507 4090 που
524 4019 686 4107 κάθηται,
713 4016 808 4090 οῦδὲν
829 4010 920 4111 αύτῷ
940 4022 1040 4108 μέλον
1059 4024 1126 4089 τῶν
