2752 4632
217 204 281 278 164
585 209 861 273 AOYKIANOT
914 224 919 231 1
986 224 991 231 ·
1073 162 1079 170 ¹

214 325 270 389 καὶ
287 318 354 389 ὑπὸ
372 322 430 407 τῆς
452 315 584 405 ἐπῳδῆς
604 310 773 404 τοόδαφος
795 310 1017 438 άνερρήγνοτο.
1031 314 1086 379 καὶ
1107 308 1128 401 6
1146 308 1253 402 δλανδγ

214 448 273 492 τοο
261 426 446 511 Κερβέρου
464 421 520 487 καὶ
536 415 747 509 πόρρωθεν’
729 416 864 508 ηκούετο
878 417 933 484 καὶ
944 413 983 485 τὸ
995 421 1135 504 πρᾶγμα
1146 411 1253 503 ὕπερ-

214 513 396 614 κατηφές
375 549 414 611 ην
430 525 486 591 καὶ
504 520 716 612 σκυθρωπόν.

293 623 460 695 ’Ἑδδειοεν
478 622 509 693 δ’
525 621 707 747 ύπένερθεν
725 618 807 706 άναξ
823 619 939 711 ένέρων
948 606 1131 701 Αῖδωνεύς·
1196 665 1199 671 ,

215 734 431 818 κατεφαίνετο
448 725 510 817 γδιρ
528 723 652 816 ἤδητα
667 727 823 808 πλεῖστα,
846 727 902 793 καὶ
918 720 1014 814 ἧλέμ
990 750 1052 812 μνη
1070 726 1126 791 καὶ
1144 719 1163 791 6
1181 736 1257 793 Πν

216 835 426 923 ριφλεγέθων
443 833 498 898 καὶ
514 854 574 897 του
559 824 843 908 ’Πλούτωνος
805 854 850 896 τα
868 832 951 914 aaut
939 829 1034 895 ίλεια.
1070 826 1254 895 κατελθόν-

216 961 270 1016 τες
288 931 319 1003 δ’
335 929 466 1023 όμως
448 930 505 1000 διδι
526 937 587 1000 τού
607 929 777 1018 χάσματος
797 928 855 998 τὸν
875 930 934 1015 μὲν
948 926 1174 1014 Ῥαδάμανθυν
1192 924 1257 1016 ηύ-

192 1062 315 1128 Ιρομεν
335 1041 505 1105 τεθνεῶτα
524 1041 645 1124 μικροῦ
668 1030 776 1103 δεῖνζ
757 1029 825 1101 υπὸ
847 1039 906 1100 τού
930 1034 1039 1112 δέους
1068 1029 1086 1099 6
1110 1031 1146 1099 66
1167 1036 1255 1122 KQ·

215 1146 313 1239 βερος
342 1136 504 1226 ὑλάκτησε
533 1143 592 1261 μέν
622 1138 736 1204 τεκαὶ
762 1161 868 1232 παρεκ
870 1141 972 1221 ί,νησε
1008 1132 1089 1217 ταχύ
1121 1135 1168 1201 δέ
1185 1159 1253 1220 μου

216 1348 306 1423 λους.
349 1341 425 1411 ἐπεὶ
447 1342 483 1409 δὲ
505 1339 591 1431 πρὸς
612 1338 670 1428 τὴν
688 1343 722 1406 λέ
708 1347 800 1427 ίμνην
819 1336 1029 1428 ἀφικόμεθα,
1054 1344 1175 1425 μικροῦ
1193 1339 1254 1424 μὲν
1359 1350 1360 1411 J

218 1442 290 1513 οὐδ’
311 1444 582 1535 ἐπεραιώθημεν
608 1434 647 1530 ᾖν
671 1440 734 1531 γὰρ
759 1445 883 1532 πλῆρες
908 1439 970 1530 ἤδη
997 1439 1035 1509 τὸ
1062 1448 1256 1527 πορθμεῖον

216 1546 324 1614 καῖ’
291 1552 436 1635 οιμωγῆς
454 1542 642 1626 ἀνάπλεων,
666 1550 831 1666 τρανματέ
818 1546 921 1612 ἰδέαι
938 1543 1061 1624 πάντες
1079 1542 1252 1626 ἐπέπλεον,
1359 1566 1360 1575 ’

219 1646 374 1732 όμδν
341 1673 381 1715 το
405 1650 531 1729 σκέλος,
560 1630 693 1716 ὅδὲ
659 1674 718 1739 την
739 1644 896 1735 κεφαλὴν,
925 1643 1005 1715 666
1027 1643 1106 1713 6660
1124 1672 1158 1714 τι
1176 1671 1254 1715 σον-
1359 1688 1360 1737 3

217 1756 443 1836 τετριμμένος,
474 1750 550 1836 έμοὶ
576 1752 737 1832 δοκεῖν,’
727 1748 762 1819 ἐκ
786 1775 875 1830 τινος
901 1751 1049 1835 πολέμου
1077 1748 1255 1839 παρόντες.

219 1848 309 1939 ὅμως
327 1850 358 1920 δ’
371 1844 428 1922 σύν
446 1880 464 1921 ο
452 1850 653 1938 βέλτιστος
660 1853 781 1944 Χαρων
799 1849 845 1932 ὥς
862 1849 981 1920 εἶδε
947 1880 1005 1942 την
1021 1855 1161 1941 λεοντῆν,
1181 1853 1255 1940 σιη-

217 1961 294 2036 θεές
314 1981 357 2043 με
378 1953 436 2024 τὸν
454 1953 609 2043 Ἡρακλέα
632 1953 730 2039 εἶναι,
758 1954 944 2038 ελσεδέξατό
966 1981 1009 2042 με
1033 1960 1089 2024 καὶ
1100 1957 1255 2081 διεπόρ-

218 2063 348 2141 θμενσέ
363 2082 400 2125 τε
418 2053 559 2142 άομενος
575 2084 618 2125 κα
617 2057 800 2146 λάποβᾶσι
819 2056 1048 2186 διεσήμηνε
1014 2085 1073 2147 την
1090 2055 1254 2146 ἀτραπόν.

169 2181 199 2229 11
220 2158 294 2228 έπει
282 2150 386 2227 ⁸³66
365 2185 446 2247 ημεν
464 2159 498 2228 έν
514 2166 563 2248 τῷ
581 2160 703 2250 σκότῳ,
721 2162 842 2251 προῄει
858 2162 917 2247 μὲν
936 2157 1254 2283 όΜιθροβαρζάνης,

220 2258 360 2350 εἱπομην
378 2258 410 2328 δ
431 2259 494 2350 έγώ
512 2263 653 2330 κατόπιν
674 2262 827 2349 ἐχόμενος
849 2261 965 2346 αύτού,
994 2263 1056 2344 ἕως
1077 2261 1164 2352 πρὸς
1186 2265 1255 2330 λει-

217 2369 312 2449 μῶνα
336 2368 490 2455 μέγιστον
516 2361 750 2452 ἀφικνούμεθα
773 2373 822 2453 τῷ
850 2363 1025 2456 ἀσφοδέλῳ
1052 2367 1253 2454 κατάφυτον,

218 2464 304 2532 ’ένθα
330 2463 370 2555 66
397 2471 634 2557 περιεπέτοντο
659 2465 747 2557 ἡμᾶς
772 2481 952 2557 τετριγυῖαι
977 2475 1043 2535 τῶν
1069 2475 1190 2558 νεκρῶν
1218 2467 1255 2534 αἱ

218 2572 324 2634 σκιαί·
354 2564 423 2637 κατ’
439 2566 548 2656 ὀλίγον
568 2571 604 2637 66
620 2571 801 2656 προϊόντες
812 2571 1088 2659 παραγιγνόμεθα
1109 2568 1198 2658 πρὸς
1214 2567 1254 2639 τὸ

179 2736 182 2741 „
217 2674 277 2736 τού
302 2675 396 2738 Μίνω
424 2671 645 2760 δικαστήριον,
673 2671 823 2761 ἐτύγχανε
850 2673 887 2740 δὲ
913 2669 932 2739 6
957 2673 1016 2757 μὲν
1043 2671 1100 2740 ἐπὶ
1126 2673 1254 2759 θρόνου

216 2769 307 2851 τινδς
323 2769 454 2861 ύψηλού
472 2775 674 2862 καθήμενος,
692 2775 954 2864 παρειστήκεσαν
972 2776 1009 2842 δέ
1027 2772 1115 2862 αύτῷ
1132 2778 1256 2844 Ποιναὶ

217 2875 274 2940 καὶ
299 2871 481 2964 ἀλάστορες
509 2881 566 2943 καὶ
591 2873 745 2963 Ἐρινύες·
786 2876 950 2968 ἑτέρωθεν
982 2878 1019 2944 δέ
1045 2878 1255 2966 προσήγοντο

216 2977 341 3045 πολλοί
355 3002 441 3058 τινες
459 2976 577 3068 έφεξῆς
594 2975 710 3049 διλύσει
725 2986 836 3070 μακρᾷ
854 2980 1029 3065 δεδεμένοι,
1049 2979 1197 3067 ἐλέγοντο
1217 2980 1255 3048 δὲ

218 3073 303 3145 εἶναι
319 3082 433 3164 μοιχοὶ
449 3084 506 3149 καλ
522 3085 743 3172 πορνοβοσκοὶ
759 3085 816 3149 καὶ
828 3084 968 3150 τελῶναι
979 3085 1036 3150 καὶ
1048 3084 1183 3162 κόλακες
1196 3085 1254 3151 καὶ

218 3180 424 3270 συκοφάνται
440 3186 497 3251 καὶ
514 3179 532 3252 6
550 3190 702 3265 τοιοῦτος
723 3179 841 3270 ὅμιλος
861 3191 928 3253 τῶν
950 3185 1061 3253 πάντα
1081 3185 1256 3257 κωνώπων

218 3279 252 3350 έν
268 3287 316 3370 τῷ
332 3288 414 3373 βίῳ·
429 3288 532 3376 χωρὶς
545 3287 582 3354 δ
600 3287 636 3355 06
645 3312 681 3354 τε
694 3289 854 3357 πλούσιοι
866 3290 921 3355 καὶ
934 3288 1134 3377 τοκογλύφοι
1145 3312 1257 3379 προσ·

143 3466 147 3477 ι
216 3384 318 3473 ῄεσαν
337 3382 439 3510 ρύχρολ
455 3391 511 3456 καὶ
529 3389 756 3479 προγάστορες
772 3393 828 3458 καὶ
844 3391 1024 3480 ποδαγροὶ,
1050 3388 1161 3459 κλοιὸν
1178 3389 1260 3459 ἕκα-

218 3510 296 3567 στος
310 3485 419 3556 αὐτῶν
432 3516 488 3557 και
477 3491 645 3561 σκύλακα
659 3492 851 3618 διτάλαντον
864 3491 972 3562 ἐπικεί
959 3499 1078 3579 ίμενος.
1105 3493 1258 3582 έφεστῶ-

215 3613 271 3671 τες
289 3580 345 3658 σύν
362 3588 457 3679 ἡμεῖς
475 3592 629 3682 ἑωρῶμέν
645 3619 682 3663 τε
699 3591 741 3662 τὰ
758 3595 932 3684 γιγνόμενα
944 3593 1030 3665 καὶ
1011 3596 1171 3685 ηκούομεν
1186 3603 1257 3664 τῶν

218 3687 507 3780 ἆπολογουμένων
540 3696 740 3786 κατηγόρουν
767 3698 802 3766 δὲ
829 3695 938 3815 αύτῶν
963 3704 1072 3768 καινοί
1090 3724 1176 3779 τινες
1197 3702 1260 3769 καλ

216 3794 405 3883 παράδοξοι
421 3799 566 3887 ῥήτορες.

268 3911 343 3968 ΦΙλ
385 3904 476 3979 Τίνες
503 3890 610 3985 οὗτοι,
638 3899 724 3991 πρδς
745 3902 844 3988 Διός,·
873 3901 918 3993 μὴ
943 3901 1007 3992 γὰρ
1034 3900 1172 3993 ὀκνήσῃς
1197 3908 1259 3973 καὶ

176 4044 182 4077 ι,
218 4003 313 4066 τούτο
332 4000 448 4070 εἰπεῖν.
