2722 4646
264 240 268 245 «
370 212 436 270 vn.
458 212 726 268 Πεσσισσσεε
748 211 868 266 17-21.
1035 280 1038 285 ῃ
1092 196 1131 261 61

104 318 238 414 φθόνου
263 314 391 398 παντὸς
412 314 560 385 ἑστάναι·
588 310 674 385 ὅπου
695 340 732 403 γε
754 318 810 384 καί
830 316 863 384 εί
883 315 921 384 τῦ
948 320 1017 387 πάν
1036 321 1134 383 τοῦτο

103 428 168 512 πῦρ
185 416 395 509 ὑφελόμενος
409 419 610 505 κατεκόμισα
628 416 736 505 δςτήν
751 423 809 506 γῆν
826 414 905 507 μηδ’
920 414 1007 497 ῦλως
1023 437 1063 485 τι
1075 415 1135 485 αὖ·

101 530 160 592 τοῦ
176 518 383 604 καταλιπὼν,
404 517 441 589 ού
455 521 582 609 μεγάλα
593 515 837 607 ῦμῦςήδίεουνὲ
855 517 951 589 ούδίν,
962 518 1024 608 γὰρ
1038 516 1133 606 ὑμεῖς

100 628 218 694 δεῖσθε
236 622 345 692 αὐτοῦ
358 622 441 713 μήτε
452 623 608 713 ῥιγοῦντες
631 621 714 711 μήτε
728 621 865 711 ἕψοντες
876 620 935 711 τήν
949 619 1134 711 ἀμβροσίαν

98 728 179 817 μήτε
203 724 324 816 ’φωτὸς
345 719 565 812 ἐπιτεχνητοῦ
578 724 739 809 δεόμενοι.
767 722 812 791 ,ολ
829 723 866 791 δὲ
883 719 1062 812 ἄνθρωποι
1078 728 1135 793 καὶ
1154 743 1185 793 19

99 828 131 909 δς
146 827 190 897 τὰ
209 824 301 895 άλλο
316 826 375 912 μὲν
393 822 558 913 ἀναγκαίῳ
578 832 721 914 χρῶνται
741 832 790 915 τῷ
811 827 907 914 πυρὶ,
934 827 1080 911 μάλιστα
1099 827 1135 894 δὲ

98 928 130 1010 ἐς
146 929 208 1011 τὰς
231 935 376 1010 θυσίας,
403 924 499 1011 ὅπως
522 928 624 1021 ἔχοιεν
645 935 758 997 κνισᾶν
778 925 839 1010 τὰς
860 925 976 1015 άγοιὰς
997 931 1052 995 καί
1073 935 1134 996 τοῦ

97 1035 287 1118 λιβανωτοῦ
309 1037 436 1117 θυμιᾶν
458 1024 570 1098 καὶ
534 1057 577 1098 τα
596 1037 700 1120 μηρία
721 1032 812 1100 κάειν
834 1030 892 1101 ἐπὶ
913 1037 979 1099 τῶν
999 1037 1133 1153 βωμῶν.

98 1131 164 1221 ὄριῦ
192 1136 233 1202 δέ
254 1158 294 1222 γε
316 1123 402 1218 ύμᾶς
422 1134 569 1218 μάλιστα
587 1139 762 1224 χαίροντας
786 1138 834 1222 τῷ
860 1139 974 1222 καπνῷ
995 1131 1110 1200 καί
1076 1161 1134 1222 την

97 1234 239 1320 εὐωχίαν
256 1235 381 1324 ταύτην
397 1230 532 1324 ἡδίστην
551 1226 778 1319 οίομένοος,”
761 1236 889 1317 οπάτοω
906 1233 994 1315 ίς
960 1261 1017 1304 τον
1035 1232 1135 1323 ούρα-

97 1335 196 1425 νὸνή
227 1350 332 1407 κνῖσα
360 1343 490 1462 παραγί
488 1363 603 1431 γνηται
623 1335 844 1424 “acumem
875 1340 954 1425 περὶ
982 1335 1132 1424 κανσιηι.υ

97 1439 321 1528 ἐναντιωτάτη
334 1436 474 1508 τοίνυνε
455 1467 476 1527 η
489 1445 617 1526 μέμψις
635 1435 717 1529 αῦτη
736 1437 776 1507 δν
792 1445 975 1528 γένοιτο
935 1467 974 1529 τη
993 1438 1134 1528 ὑμετέρᾳ

98 1540 281 1632 ἐπιθυμίᾳ.
312 1542 477 1628 θαυμάζω
494 1543 533 1609 δὲ
550 1537 644 1623 ὅπως
657 1539 730 1625 ούχὶ
742 1539 868 1615 καὶτὸν
880 1537 973 1629 ήλιον
989 1544 1135 1611 κελεύετε

94 1642 138 1732 μή
155 1645 392 1729 καταλάμπειν
409 1641 543 1723 αύτούς·
560 1649 670 1713 καίτοι
687 1650 754 1731 πῦρ
771 1647 828 1711 καὶ
845 1636 942 1723 ούτός
960 1642 1030 1713 ἐστι
1047 1642 1133 1713 πολὺ

98 1747 277 1837 θειότερόν
293 1772 330 1816 τε
346 1748 402 1814 καί
418 1746 678 1836 πυρωδέστερον.
709 1743 732 1835 ή
748 1742 894 1815 κάκεῑνον
911 1746 1070 1815 αἰτιᾶσθε
1088 1742 1134 1826 ὡς

99 1856 292 1918 σπαθῶντα
307 1846 399 1934 ὑμῶν
414 1848 453 1917 τὸ
471 1853 593 1936 κτῆμα,·
611 1847 737 1936 εἴρηκα·
761 1846 837 1938 σφω’
857 1849 905 1930 δὲ,
926 1839 1061 1937 εύἙρμή
1079 1851 1135 1916 καί

94 1944 271 2040 Ἥφαιστε,
292 1952 327 2020 εἴ
338 1977 373 2019 τι
389 1949 435 2039 μὴ
452 1954 561 2032 καλῶς
578 1950 736 2040 ελρήσθαι
753 1951 852 2034 δοκεῖ,
872 1949 1062 2019 διευθύνετε
1078 1953 1134 2019 καί

102 2049 294 2142 λξελέγχετε,
311 2049 402 2141 κῦγὼ
421 2043 523 2134 αὖθις
540 2049 803 2143 ἀπολογήσομαι.

146 2167 235 2223 ΕΡΜ,
275 2152 319 2225 Οῦ
333 2155 457 2246 ῥᾴδιον,
472 2147 698 2246 ὦΠρομηθεῦ,
717 2154 804 2245 πρὸς
817 2151 904 2224 οὕτω
916 2165 1063 2244 γενναῖον
1076 2179 1135 2223 σο·
1152 2175 1186 2226 20

102 2256 218 2348 φιστὴν
229 2256 458 2345 ἁμιλλᾶσθαι·
476 2257 561 2347 πλήν
571 2256 654 2334 ἀλλὰ
669 2255 786 2348 ὤνησο,
801 2258 889 2329 διότι
900 2256 946 2347 μή
959 2260 1015 2328 καὶ
1025 2253 1135 2338 ὁΖεὺς

76 2394 78 2399 ,
101 2363 200 2428 ταῦτα
214 2359 382 2450 ἐπήκουσέ
395 2380 471 2428 σου·
487 2350 524 2428 εὖ
536 2359 598 2449 γάρ
608 2358 693 2444 οἶδα,
706 2360 878 2436 ,ἑκκαίδεκα
890 2368 999 2448 γῦπας
1007 2356 1048 2429 άν
1058 2359 1136 2431 ἐπέ·

102 2467 198 2549 στηοί
206 2488 267 2532 σοι
275 2459 318 2530 τά
326 2460 443 2550 ἔγκατα
453 2459 794 2550 ίξοιρήσοντας·ούτω
804 2465 919 2544 δεινῶς
928 2460 1027 2532 αῦτοῦ
1036 2476 1136 2550 κατη-

101 2561 239 2652 γόρηκας
250 2561 499 2652 ἀπολογείσθαι
512 2565 627 2633 δοκοῦν.
645 2563 748 2633 ἐκεῖνο
762 2566 800 2633 δέ
810 2590 847 2651 γε
855 2565 1029 2649 θαυμάζω,
1041 2560 1135 2643 ὅπως

101 2664 215 2746 μάντις
233 2664 285 2751 ὢν
296 2662 335 2735 οῦ
348 2670 606 2756 προεγίγνωσκες
620 2665 677 2734 ἐπὶ
690 2667 821 2747 τούτοις
833 2666 1133 2752 κολασθησόμενος.

147 2778 269 2837 ΠΡΟΜ.
301 2764 519 2857 Ἦπιστάμην,
548 2759 703 2860 ὦἙρμή,
731 2772 789 2837 καί
807 2774 912 2839 ταῦτα
931 2769 990 2853 μὲν
1007 2770 1063 2837 καί
1081 2764 1136 2836 ὅτι
1154 2817 1155 2820 ,

96 2864 134 2933 ,δὲ
150 2865 421 2958 άπολυθήσομαι
442 2862 547 2952 αὖθις
568 2867 664 2956 οἶδα,
685 2875 741 2940 καί
758 2869 820 2962 ήδη
842 2877 880 2961 γέ
895 2896 948 2951 τις
968 2869 1003 2939 ἐκ
1021 2876 1135 2960 θηβιῦν

101 2964 261 3059 άφίξετοιι
285 2969 346 3052 σὸς
366 2969 511 3063 ἀδελφὸς
527 2970 592 3055 ,οῦκ
614 2972 648 3055 ῦς
672 2972 799 3067 μακρὰν
824 2975 1071 3056 κατατοξεύσων
1098 2972 1135 3043 ὃν

101 3068 164 3161 φής
182 3074 533 3164 δπιπετήσεσθοίμοι
548 3073 606 3144 τὸν
624 3074 730 3145 ἀετόν.

149 3185 241 3244 EPM
274 3176 319 3244 Εἰ
336 3175 398 3264 γὰρ
418 3182 561 3266 γένοιτο,
590 3168 830 3268 ὦΠρομηθεῦ,
857 3185 962 3247 ταῦτα
983 3181 1039 3251 καὶ
1060 3179 1136 3249 ἐπί-

104 3270 196 3360 δοιμί
212 3301 253 3346 σε
271 3279 456 3365 λελυμένον,
484 3276 612 3369 δνήμῖν
630 3277 864 3366 εὐωχούμενον,
891 3278 931 3349 οὗ
948 3287 1063 3368 μέντοι
1079 3286 1135 3351 καὶ

103 3381 347 3465 κρεανομοῦντά
363 3406 411 3469 γε.
685 3432 688 3435 -

152 3487 271 3549 ΗΡΟΜ,
308 3484 442 3573 θάρρει·
472 3486 529 3552 καὶ
545 3484 814 3574 συνευωχήσομαι
835 3480 913 3570 ύμῖν
934 3480 1030 3553 καί’
1012 3509 1030 3552 ο
1052 3480 1136 3564 Ζεύς
1153 3505 1186 3554 21

106 3575 197 3650 λύσει
211 3610 257 3672 με
275 3582 334 3653 οῦκ
352 3582 426 3653 ἀντὶ
441 3592 561 3709 μικράς
577 3584 773 3713 εύεργεσίας.

155 3695 308 3756 ΕΡΜΤ
280 3693 373 3767 Τίνος
389 3689 525 3775 ταύτης,·
546 3686 590 3777 μή
608 3688 670 3779 γὰρ
689 3686 825 3781 ὀκνήσῃς
842 3688 960 3759 εἰπεῖν.

73 3788 77 3799 ’
156 3790 272 3851 IIPOM
308 3780 480 3874 Οἶσθα,
451 3816 480 3856 ω
491 3786 602 3879 Ἑρμῆ,
620 3791 678 3915 τήν
688 3798 792 3877 Θῦτινς
784 3788 879 3860 ·οἰλλ’
890 3788 1001 3885 νύχθ’]
987 3789 1136 3880 λ·ίγειν

110 3887 336 3966 φυλάττειν
300 3917 362 3980 γορ
381 3889 515 3979 άμεινον
530 3889 603 3960 τδ’
582 3894 785 3999 οπόρρητον,
806 3891 853 3975 ὥς
867 3892 996 3982 μισθὸς
1013 3894 1063 3984 είη
1080 3898 1146 3962 καὶ

111 3981 211 4078 λύτρα
225 4019 286 4078 μοι
303 3990 433 4063 άντλ
392 4021 451 4085 της
468 3996 653 4083 καταδίκης.
