2752 4632
353 277 406 334 XI.
425 275 771 344 NEKTOMANTRIA
793 278 912 335 17-21.
940 310 949 326 x
1080 268 1143 336 169

165 382 240 457 m
279 384 380 452 Ταυτὶ
395 381 455 468 μέν
473 380 607 462 ἱκανῶς·
631 388 666 451 τί
683 382 720 451 δδ
735 379 774 451 τό
787 382 956 473 ψήφισμα
970 373 1029 474 ήν,
1052 378 1141 475 ἆνερ

105 487 146 559 έν
161 484 247 577 ἀρχῇ
264 485 370 574 έλεγες
384 491 597 573 κεκυρῶσθαι
612 482 697 567 κατὰ
713 492 779 554 τῶν
796 489 980 573 πλουσίους

162 600 254 667 ΜΕΝ.
288 579 341 658 Εά
350 612 390 675 γε
399 585 606 676 ὑπέμνησας·
624 583 734 677 οόγάρ
749 584 814 656 οἶδ’
825 584 920 670 ὅπως
933 593 1013 678 περί
1024 592 1143 661 τούτου

110 692 217 779 λέγειν
242 696 452 780 προθέμενος
480 690 644 777 πάμπολυ
675 688 917 780 ἀπεπλανήθην
941 700 1001 762 τοῦ
1032 695 1141 783 λόγου.

108 792 339 884 διατρίβοντος
359 793 422 884 γάρ
442 817 508 881 μου
527 788 604 878 παρ’
620 790 735 874 αὐτοῖς
751 790 948 883 προάθεσαν
965 796 1000 864 ολ
1015 799 1144 885 πρυτά·

108 921 178 978 νοις
199 895 370 987 ἐκκλησίαν
394 898 561 986 περὶτῶν
581 897 943 987 κοινή-συμφερόντων.
984 897 1064 969 ίδών
1078 890 1144 968 οὖν

108 998 256 1080 πολλοὺς
269 1003 470 1082 συνθέοντας
481 995 643 1085 ἀναμίξας
655 997 796 1084 έμαυτὸν
813 1013 886 1081 τοῖς
897 1015 1023 1088 νεκροῖς
1041 1000 1144 1082 εὐθὺς

109 1100 159 1185 είς
175 1104 232 1173 καὶ
249 1098 348 1183 σάτδς
362 1092 403 1191 ήν
418 1107 485 1171 τῶν
497 1099 746 1189 ἐκκλησιαστῶν.
783 1103 934 1193 διῳκήθη
947 1105 1006 1191 μὲν
1019 1096 1076 1173 οάν
1087 1109 1144 1172 καὶ

109 1201 208 1287 ἄλλα,
226 1207 414 1273 τελευταῖον
432 1205 469 1275 δὲ
484 1202 524 1272 τὸ
541 1208 620 1294 περὶ
634 1211 708 1273 τῶν
716 1208 902 1275 πλουσίων·
921 1205 996 1275 ἐπεὶ
1007 1206 1069 1297 γάρ
1084 1204 1144 1275 αά

100 1313 177 1389 ,τῶν
193 1306 395 1397 κατηγόρητο
411 1305 522 1375 πολλὰ
539 1309 595 1375 καὶ
612 1306 716 1391 δεινά,
744 1315 804 1395 βία
820 1312 875 1377 καλ
895 1306 1070 1392 ἀλαζονεία
1086 1313 1142 1377 καλ

106 1406 281 1500 δπεροψία
298 1411 354 1477 καλ
372 1405 498 1492 ἀδικία,
516 1412 610 1491 τέλος
627 1406 771 1492 ἀναστάς
787 1438 839 1493 τις
854 1416 922 1482 τῶν
939 1414 1142 1501 δημαγωγῶν

107 1508 232 1600 ἀνέγνω
250 1511 414 1604 ψήφισμα
427 1518 589 1582 τοιοῦτον.

549 1718 704 1762 *moun

155 1823 320 1927 ’Ἓπειδή
332 1835 442 1907 πολλὰ
454 1840 511 1905 καλ
522 1838 702 1924 παράνομα
716 1837 749 1907 οἱ
761 1837 919 1932 πλοάσιοι
932 1840 1036 1930 δρῶσι
1049 1838 1142 1930 παρὰ
1158 1861 1193 1912 20

105 1938 166 2009 τόν
189 1945 264 2027 βίον
290 1937 491 2031 ἁρπάζοντες
515 1943 572 2008 καλ
591 1940 783 2027 βιαζόμενοι
803 1943 860 2009 καὶ
880 1942 991 2009 πάντα
1015 1942 1141 2029 τρόπον

105 2047 175 2110 τῶν
191 2041 340 2132 πενήτων
356 2050 648 2133 καταφρονοῦντες,
673 2044 826 2127 δεδόχθω
843 2050 883 2133 τῇ
899 2047 1004 2133 βουλῇ
1020 2045 1077 2110 καλ
1092 2049 1140 2130 τῷ

107 2144 218 2232 δήμῳ,
238 2143 374 2213 έπειδάν
391 2143 607 2230 ἀποθάνωσι,
626 2146 669 2213 τὰ
685 2148 744 2232 μέν
762 2146 901 2232 σώματα
919 2142 1026 2214 οὔτῶν
1042 2143 1141 2212 κολά-

107 2245 231 2328 ζεσθαι
240 2248 398 2335 καθάπερ
410 2249 467 2315 καλ
478 2246 520 2316 τὰ
533 2255 599 2316 τῶν
613 2246 720 2317 ἀλλων
732 2256 899 2339 πονηρῶν,
917 2247 977 2328 τὰς
987 2249 1022 2317 δὲ
1031 2245 1142 2335 ψυχάς

107 2346 389 2440 ἀναπεμφθείσας
415 2347 482 2420 ἀνω
509 2350 543 2432 ές
566 2350 625 2419 τὸν
648 2357 724 2438 βίον
753 2352 981 2420 καταδύεσθαι
1006 2349 1040 2431 ίς
1064 2349 1142 2430 τοὺς

108 2447 220 2535 ὄνους,
247 2448 323 2542 ἀχρι
340 2448 380 2520 ἀν
398 2451 432 2522 ἐν
448 2459 496 2541 τῷ
512 2454 655 2542 τοιούτῳ
674 2455 857 2543 διαγάγωσι
873 2455 1038 2539 μυριάδας
1060 2452 1141 2521 έεῶν

105 2559 207 2624 πέντε
223 2557 280 2622 καί
297 2554 431 2636 ε’ίκοσιν,
452 2552 523 2624 όνοι
541 2554 578 2638 έξ
594 2552 676 2625 όνων
693 2558 890 2645 γιγνόμενοι,
910 2558 967 2621 καὶ
987 2550 1142 2642 ἀχθοφοη

106 2661 240 2748 ροῦντες
265 2660 321 2725 καλ
341 2654 409 2725 ἀπὸ
432 2664 498 2725 τῶν
519 2658 668 2747 πενήτων
690 2657 916 2744 ἐλαυνόμεναι,
945 2653 1140 2724 τούντεῦθεν

108 2761 148 2829 δὲ
168 2757 315 2853 [λοιπόν]
335 2757 455 2842 έξείναι
473 2756 588 2840 αὐτοῖς
605 2755 802 2829 ἀποθανεῖν.
838 2756 913 2828 εἶπε
933 2756 991 2848 τὴν
1012 2757 1141 2846 γνώμην

106 2868 259 2951 Κρανίων
293 2865 510 2943 Σκελετίωνος
542 2861 721 2944 Νεκυσιεὺς
755 2866 860 2953 φυλῆς
891 2856 1139 2948 Ἀλιβαντίδος.”

106 2964 227 3034 τούτου
246 2961 514 3053 ἀναγνωσθέντος
534 2973 592 3033 τοῦ
610 2970 829 3055 ψηφίσματος
851 2963 1067 3054 ἐπεψήφισαν
1084 2964 1143 3050 μέν

109 3067 147 3134 αλ
165 3063 276 3153 ἀρχαί,
297 3065 563 3157 ἐπεχειροτόνησε
581 3069 617 3137 δέ
633 3069 672 3138 τὸ
690 3073 825 3159 πλῆθος
836 3072 893 3137 καλ
907 3068 1141 3158 ἐνεβριμήσατο
1163 3072 1173 3115 Ῑ

108 3165 128 3258 ἦ
152 3167 269 3258 Βριμὼ
295 3170 352 3236 καί
376 3166 555 3258 ὑλάκτησεν
581 3168 599 3239 ό
621 3177 799 3259 Κέρβερος·
836 3169 922 3240 οὕτω
944 3170 1005 3259 γάρ
1034 3170 1142 3259 ἐντολή

107 3272 324 3362 γίγνεταικαὶ
341 3272 437 3358 κύρια
454 3270 496 3340 τὰ
510 3270 743 3361 ἀνεγνωσμένα.
778 3281 882 3341 ταῦτα
898 3275 957 3359 μέν
976 3273 1015 3361 δή
1031 3297 1087 3340 σοι
1099 3268 1142 3338 τὰ
1160 3291 1192 3342 21

109 3372 144 3443 ἐν
160 3379 201 3464 τῇ
219 3371 381 3463 ἀναληοίηι.
417 3372 480 3463 έγώ
499 3374 549 3457 δέ,
577 3366 680 3462 οὗπερ
703 3373 849 3464 ἀφίγμην
871 3374 975 3457 λ’νεκα,
999 3380 1050 3460 ’τῷ
1071 3380 1143 3439 Τει-

107 3481 206 3567 ρεσίηι
222 3473 422 3567 προσελθὼν
441 3477 582 3546 ἱκέτευον
600 3474 698 3545 αὐτὸν
713 3475 757 3544 τά
778 3478 889 3545 πάντα
907 3475 1143 3563 διηγησάμενος

109 3576 218 3648 εἰπεῖν
237 3579 325 3669 πρός
344 3603 388 3666 με
404 3580 504 3648 ποῖόν
524 3605 599 3649 τινα
620 3575 748 3668 ἡγεῖται
768 3576 826 3646 τὸν
847 3574 982 3668 ἀριστον
1002 3583 1086 3664 βίον.
1123 3572 1143 3643 ὃ
1236 3624 1239 3630 -

109 3680 149 3749 δλ
164 3682 361 3768 γελάσας-
374 3680 445 3749 έοτι
463 3682 500 3749 δλ
515 3682 640 3773 τυφλόν
656 3709 690 3749 τι
707 3681 871 3771 γερόντιον
889 3682 944 3747 καλ
966 3676 1071 3767 ὠχρὸν
1087 3680 1144 3745 καί

107 3783 327 3872 λεπτόφωνον
342 3821 380 3833 -—
401 3774 429 3850 ῶ
446 3788 569 3866 τέκνον,
596 3787 693 3875 φηολ,
715 3782 773 3874 τὴν
790 3783 849 3869 μὲν
867 3782 975 3850 αἰτίαν
993 3778 1070 3848 ολδά
1088 3804 1144 3851 σοι

107 3889 170 3973 τῆς
191 3881 337 3972 ἀπορίας
359 3879 413 3955 ότι
433 3883 527 3976 παρὰ
548 3891 614 3954 τῶν
641 3892 754 3975 σοφῶν
776 3885 902 3975 ἐγένετο
925 3881 963 3951 οά
990 3881 1033 3951 τὰ
1060 3878 1144 3950 αάτδι

107 3988 354 4078 γιγνωσκόντων
380 3987 526 4070 ἑαυτοῖς·
557 3985 641 4079 ἀτάρ
666 3985 707 4055 οά
734 3993 834 4074 θέμις
856 3992 961 4078 λέγειν
981 3983 1068 4073 πρὸς
1089 3986 1143 4052 σέ*

108 4084 291 4180 ἀπείρηται
311 4087 374 4181 γάρ
396 4087 463 4160 ἀπὸ
482 4089 737 4179 Ῥαδαμάνθυος.
780 4093 953 4191 μηδαμῶς,
987 4090 1082 4182 έφην,
1114 4077 1145 4159 ολ
