2740 4648
295 272 297 277 -
415 231 482 288 XX.
508 222 775 289 ΕΡΜΟΤῙΜΟΣ
794 233 896 290 9-12.
1106 219 1172 287 285

139 341 228 410 σθαί
244 354 315 406 σοι·
341 336 477 408 σπεύδω
493 334 557 426 γάρ
573 331 638 426 ήδη
656 332 892 427 άκροάσασθαι
909 333 1025 421 αδτοῆ,
1050 334 1098 429 μῆ
1113 341 1189 408 καλ-

139 440 239 509 λάθω
256 441 376 521 τελέως
393 435 630 529 ἀπολειφθείς
843 485 848 489 >

193 555 278 613 ΛΥΚ
318 541 448 632 Θάρρει,
467 530 598 630 ὦγαθέ·
614 538 653 610 τὸ
670 539 811 632 τημερσν
823 566 885 630 γαρ
899 537 1057 631 ἐκεχειρία
1070 541 1173 636 έπήγι

138 638 316 734 ysam-⁰
286 667 373 714 ωστι
391 639 493 732 έγῶ’
472 667 522 734 αφ
524 645 599 734 ίημί
615 666 670 712 σοι
687 638 767 722 ὅσον
783 642 834 713 ότι
849 641 1026 714 λοιπὸν
985 671 1044 735 της
1062 642 1152 718 όδοδ
1223 680 1226 685 ·

191 762 281 819 ΕΡΜ.
314 751 398 828 Πῶς
409 748 530 836 λέγειςς

192 863 278 922 ΔΥΚ.
310 843 377 919 Οτι
399 846 445 918 έν
454 855 502 938 τῷ
524 847 669 941 παρόντι
690 845 748 918 οδκ
769 844 810 918 όν
831 849 918 932 ιδοις
944 847 1057 934 αότὸν,
1085 851 1119 921 εί
1134 874 1174 940 γε

138 948 202 1044 χρή
221 950 391 1021 πιστεύειν
412 958 461 1040 τῶ
481 952 735 1043 προγράμματι·
760 952 914 1032 πινάκιον
939 953 1003 1041 γάρ
1027 981 1063 1022 τι
1084 952 1173 1043 έκρέ
1259 975 1262 983 ’

138 1079 227 1144 ματα
237 1049 321 1141 ὖπέρ
336 1056 396 1124 τοῦ
410 1056 562 1135 πυλῶνος
573 1055 731 1143 μεγάλοις
744 1053 916 1144 γράμμασι
928 1059 1021 1144 λέγον
1032 1057 1174 1146 τήμερον

141 1153 182 1227 οδ
202 1158 480 1246 συμφιλοσοφεῖν.
520 1157 648 1246 ἐλέγετο
671 1156 708 1225 δὲ
732 1155 812 1245 παρ’
831 1153 994 1247 Εὐκράτει
1014 1164 1064 1247 τῷ
1083 1159 1176 1231 πάνυ

140 1260 321 1349 δειπνήσας
343 1261 427 1344 χθὲς
456 1262 612 1348 γενέθλια
633 1256 801 1348 θυγατρὸς
823 1259 974 1329 έστιῶντι
998 1259 1110 1330 πολλά
1134 1286 1171 1330 τε

142 1365 440 1453 συμφιλοσοφῆσαι
460 1362 495 1432 έν
515 1369 563 1452 τῆ
586 1367 763 1451 συμποσίῳ
785 1365 842 1431 καὶ
861 1360 948 1455 πρὸς
967 1360 1172 1453 Εὐθύδημον

138 1462 198 1536 τὸν
224 1463 260 1534 ἔκ
283 1470 344 1535 τοῦ
364 1466 558 1556 Περιπάτου
585 1467 838 1556 παροξυνθῆναί
860 1492 895 1535 τι
920 1468 977 1534 καὶ
1002 1462 1173 1558 ἀμφισβη-

139 1574 239 1657 τῆσαι
257 1563 347 1658 αότῷ
365 1571 443 1655 περὶ
461 1558 506 1637 ῶν
520 1566 637 1636 έκεῖνοι
650 1567 813 1637 εἰώθασιν
826 1565 1004 1657 ἀντιλέγειν
1015 1582 1087 1651 τοῖς
1100 1566 1171 1637 άπὸ

139 1676 200 1760 τῆς
213 1676 334 1751 Στοᾶς·
353 1666 421 1739 δπό
438 1695 474 1738 τε
491 1660 550 1739 σάν
562 1675 621 1759 τῆς
633 1677 773 1760 κραυγῆς
785 1672 941 1762 πονήρως
957 1670 1015 1760 τήν
1027 1669 1173 1761 κεφαλήν

140 1774 340 1862 διατεθῆναι
363 1775 421 1840 καὶ
447 1772 589 1863 ἱδρῶσαι
612 1773 705 1857 μάλα
729 1771 840 1841 πολλὰ
866 1773 902 1854 ές
924 1778 1037 1860 μέσας
1054 1774 1173 1854 νόκτας

140 1870 385 1964 άποταθείσης,
406 1870 452 1956 ῶς
469 1898 568 1964 φασι,
590 1882 651 1964 τῆς
668 1880 857 1953 συνουσίας·
881 1870 951 1961 άμα
969 1877 1077 1944 δὲκαὶ
1095 1875 1176 1944 έπε·

139 1976 257 2061 πῶκει,
278 1975 381 2064 οἶμαι,
400 1974 501 2047 πλέον
516 1984 577 2046 τοῦ
592 1976 713 2060 ίκανσῦ,
731 1984 798 2046 τῶν
811 1979 994 2067 παρόντων,
1014 1974 1062 2058 ῶς
1075 1975 1171 2058 είκὸς,

139 2082 339 2170 φιλοτησίας
356 2081 596 2171 προπινόντων,
620 2082 676 2148 καλ
694 2079 916 2170 ἐδεδειπνήκει
932 2082 1034 2149 πλέον
1051 2076 1072 2168 ή
1089 2078 1173 2148 κατὰ

138 2188 290 2271 γέροντα·
309 2178 395 2252 ὥστε
413 2179 625 2273 ἀναστρέψας
641 2179 744 2274 ήμεσέ
759 2208 805 2266 τε,
825 2179 872 2264 ῶς
889 2182 1041 2273 ἔφασκον,
1060 2181 1172 2252 πολλὰ

139 2285 196 2352 καί
211 2284 313 2370 μόνον
331 2282 468 2375 άριθμῆ
485 2284 690 2374 παραλαβών
706 2284 749 2355 τά
766 2291 857 2374 κρέα,
877 2283 991 2356 ὁπόσα
1007 2292 1055 2375 τῷ
1073 2285 1173 2355 παιδί

4 2454 6 2457 ,
135 2388 282 2464 ,κατόπιν
300 2386 419 2457 ἑστῶτι
441 2389 666 2478 παρεδεδώκει
680 2392 743 2456 ’καὶ
761 2389 985 2476 σημηνάμενος
1007 2387 1174 2475 ἐπιμελῶς

139 2487 180 2558 τὸ
199 2487 256 2559 ἀπ’
268 2489 390 2559 ἐκείνου
408 2491 569 2567 καθεύδει
585 2491 710 2578 μηδένα
728 2488 927 2574 έσδέχεσθαι
940 2494 1174 2581 παραγγείλας..

5 2640 6 2643 ¹
139 2599 244 2660 ταῦτα
267 2593 303 2663 δέ
324 2594 416 2661 Μίδα
437 2589 564 2681 ήκουσα
585 2600 645 2661 τοῦ
673 2592 801 2661 οἰκέτου
828 2590 931 2661 αὐτοῦ
959 2593 1171 2680 διηγουμένου

4 2698 5 2701 ’
139 2696 210 2764 τισὶ
226 2701 291 2763 τῶν
303 2701 476 2787 μαθητῶν,
496 2699 531 2765 οἳ
541 2697 596 2768 καὶ
611 2692 706 2764 οὗτοὶ
719 2692 920 2784 ἀνέστρεφον
935 2695 1027 2780 μάλα
1041 2697 1173 2763 πολλοί.

191 2811 278 2869 ΕΡΜ
310 2796 484 2889 Ἐκράτησε
501 2799 538 2866 δὲ
554 2798 711 2889 πότερος,
734 2787 767 2865 ὦ
782 2808 916 2880 Λυκῖνε,
936 2795 955 2865 ό
974 2797 1173 2878 διδάσκαλος
1191 2819 1224 2870 ιε

94 2955 97 2961 .
138 2894 162 2988 ἢ
180 2895 198 2968 ό
219 2897 435 2989 Εὖθόδημος;
453 2901 487 2971 εἴ
500 2927 535 2970 τι
551 2904 607 2970 καὶ
623 2907 775 2971 τοιοῦτον
793 2900 899 2989 ἔλεγεν
916 2896 942 2970 δ
953 2900 1073 2982 Μίδας.
1196 2934 1198 2939 ·

191 3017 277 3073 ΛΥΚ.
317 3002 366 3071 Τὰ
380 3004 440 3090 μέν
458 3004 578 3095 πρῶτά
602 3029 715 3095 φασιν,
739 2994 768 3072 ὦ
782 2999 969 3093 Ἑρμότιμε,
993 3000 1174 3092 άγχιόμαλα

138 3109 239 3192 σφίσι
255 3109 423 3191 γενέσθαι,
441 3103 481 3177 τὸ
500 3104 531 3175 δ’
545 3097 603 3176 σόν
619 3110 714 3187 τέλος
729 3113 789 3197 τῆς
805 3112 894 3195 νίκης
910 3103 988 3176 καθ’
999 3104 1086 3194 δμᾶς
1104 3105 1175 3194 ἐγέ-

138 3228 213 3273 νετο
239 3208 296 3273 καλ
320 3205 415 3293 παρὰ
440 3206 529 3276 πολὺ
555 3204 574 3277 ό
600 3210 786 3298 πρεσβύτης
812 3206 987 3296 δπερέσχε·
1013 3209 1070 3278 τὸν
1095 3215 1174 3296 γοῦν

137 3301 343 3395 Εὐθύδημον
361 3305 433 3376 οδδ’
446 3304 609 3394 άναιμωτί
626 3335 729 3399 φασιν
747 3308 919 3393 άπελθεῖν,
938 3308 1023 3379 ἀλλὰ
1041 3315 1173 3397 τραῦμα

138 3414 356 3497 παμμέγεθες
378 3408 492 3495 ἔχοντα
514 3410 548 3480 έν
568 3417 610 3501 τῇ
630 3414 773 3506 κεφαλή·
800 3410 874 3481 ἐπεὶ
894 3411 957 3501 γάρ
985 3409 1114 3494 ἀλαζὼν
1134 3402 1173 3501 ήν

137 3515 195 3581 καί
217 3510 399 3601 έλεγκτικδς
419 3515 475 3582 καί
496 3519 687 3583 πείθεσθαι
713 3508 772 3581 οδκ
794 3507 915 3602 ήθιλεν
936 3510 1013 3583 οὐδὲ
1034 3526 1173 3601 παρεῖχε
1223 3583 1228 3589 ,

138 3610 312 3706 ῥᾴδιον*
273 3614 373 3685 αυτὸν
391 3614 598 3704 έλέγχεσθαι,
627 3614 865 3696 όδιδάσκαλός
885 3638 948 3686 σου
966 3612 985 3685 δ
1001 3618 1174 3703 βέλτιστος
1246 3618 1249 3623 ’

106 3728 111 3733 ’
139 3716 178 3785 ὃν
195 3714 260 3802 εἶχε
279 3719 406 3810 σκόφον
418 3719 618 3810 Νεστόρειόν
635 3745 710 3789 τινα
722 3715 956 3809 καταφέρει’
916 3744 1016 3797 αυτου
1002 3720 1173 3830 πλησίον

138 3829 380 3908 κατακειμένου,
399 3818 514 3891 καλ“
474 3849 578 3904 ουτως
598 3821 783 3912 ἐκράτησεν.

180 3936 276 3995 RPM
309 3916 359 3996 Εὖ
376 3946 428 4015 γε·
452 3922 490 3995 οδ
506 3923 570 4019 γὰρ
589 3922 698 4007 άλλως
716 3924 810 4017 έχρῆν
826 3921 915 4014 πρὸς
930 3922 1009 4007 τοὺς
1027 3949 1074 4016 μη
1058 3919 1173 3995 m-

139 4021 308 4107 λονιας”
273 4051 371 4099 εικειν
386 4043 460 4120 τοῖς
476 4036 667 4120 κρείττοσιν.
