<?xml version="1.0" encoding="UTF-8"?>
<!DOCTYPE html PUBLIC "-//W3C//DTD XHTML 1.0 Transitional//EN"
    "http://www.w3.org/TR/xhtml1/DTD/xhtml1-transitional.dtd">
<html xmlns="http://www.w3.org/1999/xhtml" xml:lang="en" lang="en">
 <head>
  <title>
</title>
<meta http-equiv="Content-Type" content="text/html;charset=utf-8" />
  <meta name='ocr-system' content='tesseract 3.04.00' />
  <meta name='ocr-capabilities' content='ocr_page ocr_carea ocr_par ocr_line ocrx_word'/>
</head>
<body>
  <div class='ocr_page' id='page_1' title='image "./lucianisamosate04dindgoog_0250.png"; bbox 0 0 2752 4632; ppageno 0'>
   <div class='ocr_carea' id='block_1_1' title="bbox 50 235 1204 3708">
    <p class='ocr_par' dir='ltr' id='par_1_1' title="bbox 440 235 1156 305">
     <span class='ocr_line' id='line_1_1' title="bbox 440 235 1156 305; baseline 0.004 -3"><span class='ocrx_word' id='word_1_1' title='bbox 440 246 504 302; x_wconf 87' lang='lat' dir='ltr'><em>xv.</em></span> <span class='ocrx_word' id='word_1_2' title='bbox 530 245 688 305; x_wconf 77' lang='grc' dir='ltr'><em>ΑΔεεεΣ</em></span> <span class='ocrx_word' id='word_1_3' title='bbox 710 245 830 300; x_wconf 76' lang='grc' dir='ltr'><em>εε-ιε,</em></span> <span class='ocrx_word' id='word_1_4' title='bbox 856 294 861 305; x_wconf 27' lang='lat'><strong>⁴</strong></span> <span class='ocrx_word' id='word_1_5' title='bbox 1090 235 1156 305; x_wconf 76' lang='lat'><em>223</em></span> 
     </span>
    </p>

    <p class='ocr_par' dir='ltr' id='par_1_2' title="bbox 121 341 1204 951">
     <span class='ocr_line' id='line_1_2' title="bbox 174 341 1155 439; baseline -0.002 -15"><span class='ocrx_word' id='word_1_6' title='bbox 174 366 281 424; x_wconf 76' lang='lat' dir='ltr'><strong>IIAPP.</strong></span> <span class='ocrx_word' id='word_1_7' title='bbox 312 346 449 437; x_wconf 73' lang='grc' dir='ltr'><em>Ὀρθῶς,</em></span> <span class='ocrx_word' id='word_1_8' title='bbox 470 341 633 439; x_wconf 66' lang='grc' dir='ltr'><em>ἀλίρετη,</em></span> <span class='ocrx_word' id='word_1_9' title='bbox 654 348 779 431; x_wconf 72' lang='grc' dir='ltr'><em>ἔλεξας·</em></span> <span class='ocrx_word' id='word_1_10' title='bbox 806 344 891 421; x_wconf 69' lang='grc' dir='ltr'><em>ὥστε</em></span> <span class='ocrx_word' id='word_1_11' title='bbox 909 348 965 436; x_wconf 78' lang='grc' dir='ltr'><em>σὺ,</em></span> <span class='ocrx_word' id='word_1_12' title='bbox 988 364 1055 421; x_wconf 75' lang='grc' dir='ltr'><em>παλ</em></span> <span class='ocrx_word' id='word_1_13' title='bbox 1066 354 1155 422; x_wconf 75' lang='grc' dir='ltr'><em>Συλ-</em></span> 
     </span>
     <span class='ocr_line' id='line_1_3' title="bbox 123 448 1154 544; baseline -0.002 -20"><span class='ocrx_word' id='word_1_14' title='bbox 123 454 273 541; x_wconf 73' lang='grc' dir='ltr'><em>λογισμδ,</em></span> <span class='ocrx_word' id='word_1_15' title='bbox 300 451 495 539; x_wconf 76' lang='grc' dir='ltr'><strong><em>κατακύψας</em></strong></span> <span class='ocrx_word' id='word_1_16' title='bbox 512 448 546 531; x_wconf 73' lang='grc' dir='ltr'><em>ἐς</em></span> <span class='ocrx_word' id='word_1_17' title='bbox 561 449 600 523; x_wconf 89' lang='grc' dir='ltr'><em>τὸ</em></span> <span class='ocrx_word' id='word_1_18' title='bbox 620 450 702 521; x_wconf 84' lang='grc' dir='ltr'><em>ἀστο</em></span> <span class='ocrx_word' id='word_1_19' title='bbox 719 452 943 542; x_wconf 81' lang='grc' dir='ltr'><em>προσκήρυττε</em></span> <span class='ocrx_word' id='word_1_20' title='bbox 960 451 1038 533; x_wconf 74' lang='grc' dir='ltr'><em>τοὺς</em></span> <span class='ocrx_word' id='word_1_21' title='bbox 1055 456 1154 544; x_wconf 78' lang='grc' dir='ltr'><em>φιλο·</em></span> 
     </span>
     <span class='ocr_line' id='line_1_4' title="bbox 124 580 480 645; baseline -0.031 -17"><span class='ocrx_word' id='word_1_22' title='bbox 124 580 262 645; x_wconf 88' lang='grc' dir='ltr'><em>σοφους.</em></span> <span class='ocrx_word' id='word_1_23' title='bbox 476 608 480 617; x_wconf 78' lang='grc'><em>,</em></span> 
     </span>
     <span class='ocr_line' id='line_1_5' title="bbox 174 651 1204 747; baseline 0 -19"><span class='ocrx_word' id='word_1_24' title='bbox 174 672 280 728; x_wconf 66' lang='lat' dir='ltr'><em>Em</em></span> <span class='ocrx_word' id='word_1_25' title='bbox 310 652 433 738; x_wconf 71' lang='grc' dir='ltr'><em>λίκουε,</em></span> <span class='ocrx_word' id='word_1_26' title='bbox 453 661 544 743; x_wconf 89' lang='grc' dir='ltr'><em>σίγα·</em></span> <span class='ocrx_word' id='word_1_27' title='bbox 565 654 643 735; x_wconf 81' lang='grc' dir='ltr'><em>τοὺς</em></span> <span class='ocrx_word' id='word_1_28' title='bbox 661 652 869 745; x_wconf 78' lang='grc' dir='ltr'><em>φιλοσόφους</em></span> <span class='ocrx_word' id='word_1_29' title='bbox 884 651 972 745; x_wconf 75' lang='grc' dir='ltr'><em>ἥκειν</em></span> <span class='ocrx_word' id='word_1_30' title='bbox 989 655 1038 737; x_wconf 81' lang='grc' dir='ltr'><em>εἰς</em></span> <span class='ocrx_word' id='word_1_31' title='bbox 1053 653 1153 747; x_wconf 62' lang='grc' dir='ltr'><em>άκρό,</em></span> <span class='ocrx_word' id='word_1_32' title='bbox 1169 679 1204 730; x_wconf 84' lang='grc'><em>40</em></span> 
     </span>
     <span class='ocr_line' id='line_1_6' title="bbox 121 754 1153 848; baseline -0.004 -17"><span class='ocrx_word' id='word_1_33' title='bbox 121 762 222 831; x_wconf 90' lang='grc' dir='ltr'><em>πολιν</em></span> <span class='ocrx_word' id='word_1_34' title='bbox 243 755 553 847; x_wconf 77' lang='grc' dir='ltr'><em>ἀπολογησομένους</em></span> <span class='ocrx_word' id='word_1_35' title='bbox 576 756 634 827; x_wconf 75' lang='grc' dir='ltr'><em>ἐπὶ</em></span> <span class='ocrx_word' id='word_1_36' title='bbox 654 765 713 847; x_wconf 79' lang='grc' dir='ltr'><em>τῆς</em></span> <span class='ocrx_word' id='word_1_37' title='bbox 725 754 852 848; x_wconf 66' lang='grc' dir='ltr'><em>Ἀρετῆς</em></span> <span class='ocrx_word' id='word_1_38' title='bbox 873 761 929 827; x_wconf 86' lang='grc' dir='ltr'><em>καὶ</em></span> <span class='ocrx_word' id='word_1_39' title='bbox 948 760 1153 848; x_wconf 81' lang='grc' dir='ltr'><em>Φιλοσοφίας</em></span> 
     </span>
     <span class='ocr_line' id='line_1_7' title="bbox 121 863 305 951; baseline 0.005 -23"><span class='ocrx_word' id='word_1_40' title='bbox 121 863 179 928; x_wconf 83' lang='grc' dir='ltr'><em>καὶ</em></span> <span class='ocrx_word' id='word_1_41' title='bbox 194 866 305 951; x_wconf 82' lang='grc' dir='ltr'><strong><em>Δίκης.</em></strong></span> 
     </span>
    </p>

    <p class='ocr_par' dir='ltr' id='par_1_3' title="bbox 119 958 1153 1359">
     <span class='ocr_line' id='line_1_8' title="bbox 173 958 1153 1052; baseline -0.003 -20"><span class='ocrx_word' id='word_1_42' title='bbox 173 978 279 1037; x_wconf 78' lang='grc' dir='ltr'><strong>ΠΑΡΡ.</strong></span> <span class='ocrx_word' id='word_1_43' title='bbox 318 959 424 1052; x_wconf 64' lang='grc' dir='ltr'><em>Ὁρᾷς·</em></span> <span class='ocrx_word' id='word_1_44' title='bbox 451 958 558 1049; x_wconf 83' lang='grc' dir='ltr'><em>ἀλίγοι</em></span> <span class='ocrx_word' id='word_1_45' title='bbox 579 966 788 1049; x_wconf 79' lang='grc' dir='ltr'><em>συνέρχονται</em></span> <span class='ocrx_word' id='word_1_46' title='bbox 807 967 1023 1052; x_wconf 74' lang='grc' dir='ltr'><em>γνωρίσαντες</em></span> <span class='ocrx_word' id='word_1_47' title='bbox 1038 960 1077 1031; x_wconf 87' lang='grc' dir='ltr'><em>τὸ</em></span> <span class='ocrx_word' id='word_1_48' title='bbox 1093 963 1153 1051; x_wconf 82' lang='grc' dir='ltr'><em>κή-</em></span> 
     </span>
     <span class='ocr_line' id='line_1_9' title="bbox 121 1061 1152 1157; baseline 0.002 -26"><span class='ocrx_word' id='word_1_49' title='bbox 121 1085 243 1157; x_wconf 88' lang='grc' dir='ltr'><em>ρυγμα·</em></span> <span class='ocrx_word' id='word_1_50' title='bbox 262 1061 370 1144; x_wconf 85' lang='grc' dir='ltr'><em>άλλως</em></span> <span class='ocrx_word' id='word_1_51' title='bbox 386 1062 449 1154; x_wconf 80' lang='grc' dir='ltr'><em>γὰρ</em></span> <span class='ocrx_word' id='word_1_52' title='bbox 466 1065 597 1133; x_wconf 88' lang='grc' dir='ltr'><em>δεδίασι</em></span> <span class='ocrx_word' id='word_1_53' title='bbox 612 1063 670 1155; x_wconf 77' lang='grc' dir='ltr'><em>τὴν</em></span> <span class='ocrx_word' id='word_1_54' title='bbox 679 1072 789 1153; x_wconf 84' lang='grc' dir='ltr'><em>Δίκην.</em></span> <span class='ocrx_word' id='word_1_55' title='bbox 817 1065 851 1134; x_wconf 78' lang='grc' dir='ltr'><em>οἱ</em></span> <span class='ocrx_word' id='word_1_56' title='bbox 862 1068 982 1135; x_wconf 77' lang='grc' dir='ltr'><em>πολλοὶ</em></span> <span class='ocrx_word' id='word_1_57' title='bbox 996 1067 1032 1141; x_wconf 74' lang='grc' dir='ltr'><em>δὲ</em></span> <span class='ocrx_word' id='word_1_58' title='bbox 1045 1062 1152 1135; x_wconf 81' lang='grc' dir='ltr'><em>αάτῶν</em></span> 
     </span>
     <span class='ocr_line' id='line_1_10' title="bbox 123 1164 1152 1264; baseline 0.003 -30"><span class='ocrx_word' id='word_1_59' title='bbox 123 1164 199 1234; x_wconf 79' lang='grc' dir='ltr'><em>οὐδὲ</em></span> <span class='ocrx_word' id='word_1_60' title='bbox 212 1165 334 1264; x_wconf 26' lang='grc' dir='ltr'><em>,σχολὴν</em></span> <span class='ocrx_word' id='word_1_61' title='bbox 353 1164 487 1253; x_wconf 85' lang='grc' dir='ltr'><em>ἀγουσιν</em></span> <span class='ocrx_word' id='word_1_62' title='bbox 506 1165 593 1256; x_wconf 84' lang='grc' dir='ltr'><em>ἀμφὶ</em></span> <span class='ocrx_word' id='word_1_63' title='bbox 610 1166 688 1248; x_wconf 79' lang='grc' dir='ltr'><em>τοὺς</em></span> <span class='ocrx_word' id='word_1_64' title='bbox 705 1171 887 1248; x_wconf 84' lang='grc' dir='ltr'><em>πλουσίους</em></span> <span class='ocrx_word' id='word_1_65' title='bbox 905 1168 1039 1255; x_wconf 72' lang='grc' dir='ltr'><em>ἔχοντες.</em></span> <span class='ocrx_word' id='word_1_66' title='bbox 1067 1167 1098 1235; x_wconf 79' lang='grc' dir='ltr'><em>ελ</em></span> <span class='ocrx_word' id='word_1_67' title='bbox 1115 1168 1152 1237; x_wconf 74' lang='grc' dir='ltr'><em>δλ</em></span> 
     </span>
     <span class='ocr_line' id='line_1_11' title="bbox 119 1260 1132 1359; baseline 0.003 -24"><span class='ocrx_word' id='word_1_68' title='bbox 119 1270 235 1357; x_wconf 80' lang='grc' dir='ltr'><em>βούλει</em></span> <span class='ocrx_word' id='word_1_69' title='bbox 251 1269 379 1348; x_wconf 77' lang='grc' dir='ltr'><em>πάντας</em></span> <span class='ocrx_word' id='word_1_70' title='bbox 396 1264 493 1357; x_wconf 79' lang='grc' dir='ltr'><em>ἥκειν,</em></span> <span class='ocrx_word' id='word_1_71' title='bbox 509 1267 597 1337; x_wconf 79' lang='grc' dir='ltr'><em>κατὰ</em></span> <span class='ocrx_word' id='word_1_72' title='bbox 609 1270 699 1351; x_wconf 86' lang='grc' dir='ltr'><em>τάδε,</em></span> <span class='ocrx_word' id='word_1_73' title='bbox 719 1260 746 1336; x_wconf 80' lang='grc' dir='ltr'><em>ὦ</em></span> <span class='ocrx_word' id='word_1_74' title='bbox 755 1272 967 1357; x_wconf 78' lang='grc' dir='ltr'><em>Συλλογισμὲ,</em></span> <span class='ocrx_word' id='word_1_75' title='bbox 986 1271 1132 1359; x_wconf 83' lang='grc' dir='ltr'><em>κήρυττε.</em></span> 
     </span>
    </p>

    <p class='ocr_par' dir='ltr' id='par_1_4' title="bbox 119 1363 1152 1542">
     <span class='ocr_line' id='line_1_12' title="bbox 173 1363 1152 1463; baseline 0.003 -26"><span class='ocrx_word' id='word_1_76' title='bbox 173 1387 248 1442; x_wconf 62' lang='grc' dir='ltr'><em>ΦΙΑ</em></span> <span class='ocrx_word' id='word_1_77' title='bbox 282 1372 464 1460; x_wconf 79' lang='grc' dir='ltr'><strong><em>Μηδαμῶς,</em></strong></span> <span class='ocrx_word' id='word_1_78' title='bbox 493 1367 576 1443; x_wconf 83' lang='grc' dir='ltr'><em>ἀλλὰ</em></span> <span class='ocrx_word' id='word_1_79' title='bbox 594 1369 648 1455; x_wconf 85' lang='grc' dir='ltr'><em>σὺ,</em></span> <span class='ocrx_word' id='word_1_80' title='bbox 673 1363 701 1438; x_wconf 82' lang='grc' dir='ltr'><em>ὦ</em></span> <span class='ocrx_word' id='word_1_81' title='bbox 717 1374 946 1463; x_wconf 76' lang='grc' dir='ltr'><em>Παρρησιάδη,</em></span> <span class='ocrx_word' id='word_1_82' title='bbox 969 1372 1152 1462; x_wconf 86' lang='grc' dir='ltr'><em>προσκάλει</em></span> 
     </span>
     <span class='ocr_line' id='line_1_13' title="bbox 119 1469 475 1542; baseline -0.008 0"><span class='ocrx_word' id='word_1_83' title='bbox 119 1472 198 1542; x_wconf 77' lang='grc' dir='ltr'><em>καθ’</em></span> <span class='ocrx_word' id='word_1_84' title='bbox 215 1469 235 1540; x_wconf 80' lang='grc' dir='ltr'>ὅ</span> <span class='ocrx_word' id='word_1_85' title='bbox 251 1500 285 1542; x_wconf 86' lang='grc' dir='ltr'><em>τι</em></span> <span class='ocrx_word' id='word_1_86' title='bbox 303 1498 358 1541; x_wconf 91' lang='grc' dir='ltr'><em>σοι</em></span> <span class='ocrx_word' id='word_1_87' title='bbox 377 1474 475 1540; x_wconf 88' lang='grc' dir='ltr'><em>δοκεῖ.</em></span> 
     </span>
    </p>

    <p class='ocr_par' dir='ltr' id='par_1_5' title="bbox 62 1571 1200 2379">
     <span class='ocr_line' id='line_1_14' title="bbox 171 1571 1200 1665; baseline 0.002 -18"><span class='ocrx_word' id='word_1_88' title='bbox 171 1591 275 1649; x_wconf 83' lang='lat' dir='ltr'><strong>llAPP,</strong></span> <span class='ocrx_word' id='word_1_89' title='bbox 313 1573 410 1644; x_wconf 77' lang='grc' dir='ltr'><em>Θάδὲν</em></span> <span class='ocrx_word' id='word_1_90' title='bbox 427 1576 504 1642; x_wconf 88' lang='grc' dir='ltr'><em>τάδε</em></span> <span class='ocrx_word' id='word_1_91' title='bbox 518 1576 679 1658; x_wconf 60' lang='grc' dir='ltr'><em>χαλεπόν,</em></span> <span class='ocrx_word' id='word_1_92' title='bbox 706 1571 816 1659; x_wconf 88' lang='grc' dir='ltr'><em>ἀκουε,</em></span> <span class='ocrx_word' id='word_1_93' title='bbox 836 1582 923 1664; x_wconf 88' lang='grc' dir='ltr'><em>σίγα.</em></span> <span class='ocrx_word' id='word_1_94' title='bbox 960 1572 1035 1646; x_wconf 80' lang='grc' dir='ltr'><em>ὅσοι</em></span> <span class='ocrx_word' id='word_1_95' title='bbox 1053 1576 1151 1665; x_wconf 90' lang='grc' dir='ltr'><em>φιλό-</em></span> <span class='ocrx_word' id='word_1_96' title='bbox 1168 1600 1200 1649; x_wconf 80' lang='lat'><em>41</em></span> 
     </span>
     <span class='ocr_line' id='line_1_15' title="bbox 120 1673 1151 1767; baseline 0.001 -20"><span class='ocrx_word' id='word_1_97' title='bbox 120 1703 223 1767; x_wconf 91' lang='grc' dir='ltr'><em>σοφοι</em></span> <span class='ocrx_word' id='word_1_98' title='bbox 248 1674 334 1744; x_wconf 78' lang='grc' dir='ltr'><em>εἶναι</em></span> <span class='ocrx_word' id='word_1_99' title='bbox 359 1680 491 1765; x_wconf 80' lang='grc' dir='ltr'><em>λέγουσι</em></span> <span class='ocrx_word' id='word_1_100' title='bbox 511 1680 567 1745; x_wconf 82' lang='grc' dir='ltr'><em>καὶ</em></span> <span class='ocrx_word' id='word_1_101' title='bbox 589 1673 665 1745; x_wconf 79' lang='grc' dir='ltr'><em>ὅσοι</em></span> <span class='ocrx_word' id='word_1_102' title='bbox 685 1679 862 1766; x_wconf 80' lang='grc' dir='ltr'><em>προσήκειν</em></span> <span class='ocrx_word' id='word_1_103' title='bbox 888 1675 1002 1762; x_wconf 72' lang='grc' dir='ltr'><em>αὑτοῖς</em></span> <span class='ocrx_word' id='word_1_104' title='bbox 1022 1681 1151 1759; x_wconf 81' lang='grc' dir='ltr'><em>ρ’ίονται</em></span> 
     </span>
     <span class='ocr_line' id='line_1_16' title="bbox 62 1775 1151 1870; baseline 0.003 -23"><span class='ocrx_word' id='word_1_105' title='bbox 62 1784 67 1793; x_wconf 82' lang='grc'><strong>’</strong></span> <span class='ocrx_word' id='word_1_106' title='bbox 119 1787 186 1861; x_wconf 64' lang='grc' dir='ltr'><em>τοῦΙ</em></span> <span class='ocrx_word' id='word_1_107' title='bbox 197 1776 371 1863; x_wconf 84' lang='grc' dir='ltr'><em>ὀνόματος,</em></span> <span class='ocrx_word' id='word_1_108' title='bbox 390 1775 479 1868; x_wconf 78' lang='grc' dir='ltr'><em>ἥκειν</em></span> <span class='ocrx_word' id='word_1_109' title='bbox 497 1779 544 1858; x_wconf 82' lang='grc' dir='ltr'><em>εἷς</em></span> <span class='ocrx_word' id='word_1_110' title='bbox 558 1776 736 1869; x_wconf 87' lang='grc' dir='ltr'><em>ἀκρόπολιν</em></span> <span class='ocrx_word' id='word_1_111' title='bbox 751 1778 808 1847; x_wconf 75' lang='grc' dir='ltr'><em>ἐπὶ</em></span> <span class='ocrx_word' id='word_1_112' title='bbox 820 1778 878 1869; x_wconf 83' lang='grc' dir='ltr'><em>τὴν</em></span> <span class='ocrx_word' id='word_1_113' title='bbox 891 1781 1057 1870; x_wconf 82' lang='grc' dir='ltr'><em>διανομήν.</em></span> <span class='ocrx_word' id='word_1_114' title='bbox 1090 1782 1151 1850; x_wconf 80' lang='grc' dir='ltr'><em>δύο</em></span> 
     </span>
     <span class='ocr_line' id='line_1_17' title="bbox 118 1880 1150 1970; baseline -0.001 -19"><span class='ocrx_word' id='word_1_115' title='bbox 118 1894 201 1968; x_wconf 91' lang='grc' dir='ltr'><em>μναῖ</em></span> <span class='ocrx_word' id='word_1_116' title='bbox 212 1880 338 1969; x_wconf 77' lang='grc' dir='ltr'><em>ἑκάστῳ</em></span> <span class='ocrx_word' id='word_1_117' title='bbox 354 1881 558 1970; x_wconf 82' lang='grc' dir='ltr'><em>δοθήσονται</em></span> <span class='ocrx_word' id='word_1_118' title='bbox 566 1885 625 1949; x_wconf 78' lang='grc' dir='ltr'><em>καὶ</em></span> <span class='ocrx_word' id='word_1_119' title='bbox 639 1893 825 1968; x_wconf 82' lang='grc' dir='ltr'><em>σησαμαῖος</em></span> <span class='ocrx_word' id='word_1_120' title='bbox 837 1884 997 1962; x_wconf 81' lang='grc' dir='ltr'><em>πλακοῦς·</em></span> <span class='ocrx_word' id='word_1_121' title='bbox 1017 1883 1055 1962; x_wconf 78' lang='grc' dir='ltr'><em>ὃς</em></span> <span class='ocrx_word' id='word_1_122' title='bbox 1068 1880 1099 1950; x_wconf 76' lang='grc' dir='ltr'><em>δ’</em></span> <span class='ocrx_word' id='word_1_123' title='bbox 1111 1880 1150 1950; x_wconf 86' lang='grc' dir='ltr'><em>ἀν</em></span> 
     </span>
     <span class='ocr_line' id='line_1_18' title="bbox 119 1975 1151 2072; baseline -0.001 -20"><span class='ocrx_word' id='word_1_124' title='bbox 119 1984 266 2072; x_wconf 84' lang='grc' dir='ltr'><em>πώγωνα</em></span> <span class='ocrx_word' id='word_1_125' title='bbox 281 1981 393 2069; x_wconf 86' lang='grc' dir='ltr'><em>βαθὺν</em></span> <span class='ocrx_word' id='word_1_126' title='bbox 411 1982 628 2071; x_wconf 78' lang='grc' dir='ltr'><em>ἐπιδείξηται,</em></span> <span class='ocrx_word' id='word_1_127' title='bbox 647 1985 703 2050; x_wconf 88' lang='grc' dir='ltr'><em>καὶ</em></span> <span class='ocrx_word' id='word_1_128' title='bbox 720 1984 878 2071; x_wconf 90' lang='grc' dir='ltr'><em>παλάθην</em></span> <span class='ocrx_word' id='word_1_129' title='bbox 894 1983 1036 2066; x_wconf 78' lang='grc' dir='ltr'><em>ἰσχάδων</em></span> <span class='ocrx_word' id='word_1_130' title='bbox 1054 1975 1151 2063; x_wconf 79' lang='grc' dir='ltr'><em>οὗτός</em></span> 
     </span>
     <span class='ocr_line' id='line_1_19' title="bbox 118 2082 1150 2175; baseline -0.001 -22"><span class='ocrx_word' id='word_1_131' title='bbox 118 2111 156 2175; x_wconf 86' lang='grc' dir='ltr'><em>γε</em></span> <span class='ocrx_word' id='word_1_132' title='bbox 173 2087 474 2174; x_wconf 79' lang='grc' dir='ltr'><em>προσεπιλήψεται.</em></span> <span class='ocrx_word' id='word_1_133' title='bbox 500 2085 643 2170; x_wconf 84' lang='grc' dir='ltr'><em>κομίζειν</em></span> <span class='ocrx_word' id='word_1_134' title='bbox 662 2082 693 2152; x_wconf 78' lang='grc' dir='ltr'><em>δ’</em></span> <span class='ocrx_word' id='word_1_135' title='bbox 707 2084 842 2154; x_wconf 72' lang='grc' dir='ltr'><em>ἕκαστον</em></span> <span class='ocrx_word' id='word_1_136' title='bbox 860 2085 1075 2175; x_wconf 81' lang='grc' dir='ltr'><em>σωφροσύνην</em></span> <span class='ocrx_word' id='word_1_137' title='bbox 1090 2086 1150 2171; x_wconf 76' lang='grc' dir='ltr'><em>μὲν</em></span> 
     </span>
     <span class='ocr_line' id='line_1_20' title="bbox 64 2178 1150 2278; baseline -0.003 -23"><span class='ocrx_word' id='word_1_138' title='bbox 64 2178 67 2189; x_wconf 75' lang='grc'><strong>’</strong></span> <span class='ocrx_word' id='word_1_139' title='bbox 117 2184 140 2278; x_wconf 78' lang='grc' dir='ltr'><em>ἢ</em></span> <span class='ocrx_word' id='word_1_140' title='bbox 158 2187 365 2276; x_wconf 84' lang='grc' dir='ltr'><em>δικαιοσύνην</em></span> <span class='ocrx_word' id='word_1_141' title='bbox 382 2184 404 2276; x_wconf 76' lang='grc' dir='ltr'>ἢ</span> <span class='ocrx_word' id='word_1_142' title='bbox 421 2185 608 2276; x_wconf 70' lang='grc' dir='ltr'><em>ἐγκράτειαν</em></span> <span class='ocrx_word' id='word_1_143' title='bbox 624 2189 798 2276; x_wconf 79' lang='grc' dir='ltr'><em>μηδαμῶς·</em></span> <span class='ocrx_word' id='word_1_144' title='bbox 826 2186 885 2257; x_wconf 85' lang='grc' dir='ltr'><em>οάκ</em></span> <span class='ocrx_word' id='word_1_145' title='bbox 907 2186 1066 2275; x_wconf 88' lang='grc' dir='ltr'><em>ἀναγκαῖα</em></span> <span class='ocrx_word' id='word_1_146' title='bbox 1086 2185 1150 2275; x_wconf 80' lang='grc' dir='ltr'><em>γὰρ</em></span> 
     </span>
     <span class='ocr_line' id='line_1_21' title="bbox 117 2285 1150 2379; baseline 0 -20"><span class='ocrx_word' id='word_1_147' title='bbox 117 2290 290 2377; x_wconf 83' lang='grc' dir='ltr'><em>ταῦτάγε,</em></span> <span class='ocrx_word' id='word_1_148' title='bbox 313 2285 353 2379; x_wconf 78' lang='grc' dir='ltr'><em>ἢν</em></span> <span class='ocrx_word' id='word_1_149' title='bbox 369 2288 414 2379; x_wconf 81' lang='grc' dir='ltr'><em>μὴ</em></span> <span class='ocrx_word' id='word_1_150' title='bbox 432 2296 539 2379; x_wconf 81' lang='grc' dir='ltr'><em>παρῇ·</em></span> <span class='ocrx_word' id='word_1_151' title='bbox 565 2294 662 2358; x_wconf 85' lang='grc' dir='ltr'><em>πέντε</em></span> <span class='ocrx_word' id='word_1_152' title='bbox 681 2291 717 2358; x_wconf 76' lang='grc' dir='ltr'><em>δὲ</em></span> <span class='ocrx_word' id='word_1_153' title='bbox 735 2287 973 2379; x_wconf 81' lang='grc' dir='ltr'><em>συλλογισμοὺς</em></span> <span class='ocrx_word' id='word_1_154' title='bbox 989 2289 1027 2373; x_wconf 72' lang='grc' dir='ltr'><em>ἐξ</em></span> <span class='ocrx_word' id='word_1_155' title='bbox 1043 2285 1150 2359; x_wconf 80' lang='grc' dir='ltr'><em>ἀπαυ-</em></span> 
     </span>
    </p>

    <p class='ocr_par' dir='ltr' id='par_1_6' title="bbox 50 2382 967 2483">
     <span class='ocr_line' id='line_1_22' title="bbox 50 2382 967 2483; baseline -0.002 -21"><span class='ocrx_word' id='word_1_156' title='bbox 50 2382 61 2396; x_wconf 72' lang='grc'><strong>’</strong></span> <span class='ocrx_word' id='word_1_157' title='bbox 118 2412 190 2474; x_wconf 84' lang='grc' dir='ltr'><em>τος·</em></span> <span class='ocrx_word' id='word_1_158' title='bbox 214 2389 252 2460; x_wconf 88' lang='grc' dir='ltr'><em>οά</em></span> <span class='ocrx_word' id='word_1_159' title='bbox 271 2389 332 2479; x_wconf 82' lang='grc' dir='ltr'><em>γὰρ</em></span> <span class='ocrx_word' id='word_1_160' title='bbox 350 2397 453 2476; x_wconf 82' lang='grc' dir='ltr'><em>θέμις</em></span> <span class='ocrx_word' id='word_1_161' title='bbox 471 2388 545 2459; x_wconf 85' lang='grc' dir='ltr'><em>ἀνευ</em></span> <span class='ocrx_word' id='word_1_162' title='bbox 564 2391 689 2460; x_wconf 79' lang='grc' dir='ltr'><em>τούτων</em></span> <span class='ocrx_word' id='word_1_163' title='bbox 708 2389 792 2460; x_wconf 81' lang='grc' dir='ltr'><em>εἶναι</em></span> <span class='ocrx_word' id='word_1_164' title='bbox 810 2394 925 2483; x_wconf 88' lang='grc' dir='ltr'><em>σοφόν.</em></span> <span class='ocrx_word' id='word_1_165' title='bbox 965 2446 967 2453; x_wconf 70' lang='lat'><em>,</em></span> 
     </span>
    </p>

    <p class='ocr_par' dir='ltr' id='par_1_7' title="bbox 221 2492 1001 2580">
     <span class='ocr_line' id='line_1_23' title="bbox 221 2492 1001 2580; baseline 0.001 -19"><span class='ocrx_word' id='word_1_166' title='bbox 221 2506 327 2562; x_wconf 84' lang='grc' dir='ltr'><em>κεῖται</em></span> <span class='ocrx_word' id='word_1_167' title='bbox 345 2492 375 2561; x_wconf 78' lang='grc' dir='ltr'><em>δ’</em></span> <span class='ocrx_word' id='word_1_168' title='bbox 392 2493 425 2562; x_wconf 71' lang='grc' dir='ltr'><em>ἐν</em></span> <span class='ocrx_word' id='word_1_169' title='bbox 442 2498 597 2578; x_wconf 80' lang='grc' dir='ltr'><em>μέσσοισι</em></span> <span class='ocrx_word' id='word_1_170' title='bbox 616 2493 674 2560; x_wconf 86' lang='grc' dir='ltr'><em>δάο</em></span> <span class='ocrx_word' id='word_1_171' title='bbox 690 2507 827 2580; x_wconf 91' lang='grc' dir='ltr'><em>χρυσοῖο</em></span> <span class='ocrx_word' id='word_1_172' title='bbox 844 2495 1001 2576; x_wconf 88' lang='grc' dir='ltr'><em>ταλάντα,</em></span> 
     </span>
    </p>

    <p class='ocr_par' dir='ltr' id='par_1_8' title="bbox 113 2593 1200 3396">
     <span class='ocr_line' id='line_1_24' title="bbox 219 2593 1045 2685; baseline -0.002 -21"><span class='ocrx_word' id='word_1_173' title='bbox 219 2603 267 2683; x_wconf 75' lang='grc' dir='ltr'><em>τῴ</em></span> <span class='ocrx_word' id='word_1_174' title='bbox 286 2596 399 2681; x_wconf 87' lang='grc' dir='ltr'><em>δάμεν,</em></span> <span class='ocrx_word' id='word_1_175' title='bbox 419 2595 457 2676; x_wconf 82' lang='grc' dir='ltr'><em>ὃς</em></span> <span class='ocrx_word' id='word_1_176' title='bbox 472 2593 556 2680; x_wconf 86' lang='grc' dir='ltr'><em>μετὰ</em></span> <span class='ocrx_word' id='word_1_177' title='bbox 573 2601 677 2663; x_wconf 86' lang='grc' dir='ltr'><em>πᾶσιν</em></span> <span class='ocrx_word' id='word_1_178' title='bbox 695 2595 838 2685; x_wconf 71' lang='grc' dir='ltr'><em>ἐριζέμεν</em></span> <span class='ocrx_word' id='word_1_179' title='bbox 856 2595 965 2678; x_wconf 66' lang='grc' dir='ltr'><em>ἔξοχος</em></span> <span class='ocrx_word' id='word_1_180' title='bbox 983 2597 1045 2683; x_wconf 79' lang='grc' dir='ltr'><em>εἴη.</em></span> 
     </span>
     <span class='ocr_line' id='line_1_25' title="bbox 116 2695 1200 2788; baseline 0.003 -22"><span class='ocrx_word' id='word_1_181' title='bbox 116 2703 232 2788; x_wconf 84' lang='grc' dir='ltr'><em>βαβαὶ,</em></span> <span class='ocrx_word' id='word_1_182' title='bbox 253 2697 298 2780; x_wconf 80' lang='grc' dir='ltr'><em>ὥς</em></span> <span class='ocrx_word' id='word_1_183' title='bbox 311 2700 438 2788; x_wconf 80' lang='grc' dir='ltr'><em>πλήρης</em></span> <span class='ocrx_word' id='word_1_184' title='bbox 450 2695 541 2787; x_wconf 76' lang='grc' dir='ltr'><em>μὲνὴ</em></span> <span class='ocrx_word' id='word_1_185' title='bbox 556 2696 674 2778; x_wconf 86' lang='grc' dir='ltr'><em>άνσδος</em></span> <span class='ocrx_word' id='word_1_186' title='bbox 688 2696 909 2783; x_wconf 75' lang='grc' dir='ltr'><em>ὠθιζομένων,</em></span> <span class='ocrx_word' id='word_1_187' title='bbox 929 2696 1004 2765; x_wconf 71' lang='grc' dir='ltr'><em>ἐπεὶ</em></span> <span class='ocrx_word' id='word_1_188' title='bbox 1016 2695 1075 2778; x_wconf 84' lang='grc' dir='ltr'><em>τὰς</em></span> <span class='ocrx_word' id='word_1_189' title='bbox 1088 2698 1147 2765; x_wconf 86' lang='grc' dir='ltr'><em>δύο</em></span> <span class='ocrx_word' id='word_1_190' title='bbox 1165 2721 1200 2770; x_wconf 78' lang='lat'><em>42</em></span> 
     </span>
     <span class='ocr_line' id='line_1_26' title="bbox 115 2796 1151 2891; baseline -0.001 -20"><span class='ocrx_word' id='word_1_191' title='bbox 115 2808 200 2888; x_wconf 87' lang='grc' dir='ltr'><em>μνᾶς</em></span> <span class='ocrx_word' id='word_1_192' title='bbox 216 2799 358 2891; x_wconf 79' lang='grc' dir='ltr'><em>ἤκουσαν</em></span> <span class='ocrx_word' id='word_1_193' title='bbox 378 2803 489 2886; x_wconf 89' lang='grc' dir='ltr'><em>μόνον.</em></span> <span class='ocrx_word' id='word_1_194' title='bbox 524 2798 617 2888; x_wconf 86' lang='grc' dir='ltr'><em>παρὰ</em></span> <span class='ocrx_word' id='word_1_195' title='bbox 640 2802 676 2868; x_wconf 80' lang='grc' dir='ltr'><em>δὲ</em></span> <span class='ocrx_word' id='word_1_196' title='bbox 696 2797 735 2869; x_wconf 82' lang='grc' dir='ltr'><em>τὸ</em></span> <span class='ocrx_word' id='word_1_197' title='bbox 752 2798 955 2888; x_wconf 86' lang='grc' dir='ltr'><em>Πελασγικὸν</em></span> <span class='ocrx_word' id='word_1_198' title='bbox 977 2796 1072 2868; x_wconf 88' lang='grc' dir='ltr'><em>ἀλλσι</em></span> <span class='ocrx_word' id='word_1_199' title='bbox 1092 2802 1151 2869; x_wconf 83' lang='grc' dir='ltr'><em>καὶ</em></span> 
     </span>
     <span class='ocr_line' id='line_1_27' title="bbox 115 2900 1149 2993; baseline -0.002 -21"><span class='ocrx_word' id='word_1_200' title='bbox 115 2902 201 2972; x_wconf 83' lang='grc' dir='ltr'><em>κατὰ</em></span> <span class='ocrx_word' id='word_1_201' title='bbox 217 2902 256 2971; x_wconf 89' lang='grc' dir='ltr'><em>τὸ</em></span> <span class='ocrx_word' id='word_1_202' title='bbox 271 2901 495 2992; x_wconf 62' lang='grc' dir='ltr'><em>Ἀσκληπιεῖον</em></span> <span class='ocrx_word' id='word_1_203' title='bbox 513 2903 619 2993; x_wconf 71' lang='grc' dir='ltr'><em>ἕτεροι</em></span> <span class='ocrx_word' id='word_1_204' title='bbox 639 2906 695 2971; x_wconf 81' lang='grc' dir='ltr'><em>καί</em></span> <span class='ocrx_word' id='word_1_205' title='bbox 716 2900 810 2992; x_wconf 81' lang='grc' dir='ltr'><em>παρὰ</em></span> <span class='ocrx_word' id='word_1_206' title='bbox 831 2901 889 2971; x_wconf 79' lang='grc' dir='ltr'><em>τὸν</em></span> <span class='ocrx_word' id='word_1_207' title='bbox 902 2901 1024 2989; x_wconf 66' lang='grc' dir='ltr'><em>Ἄρειον</em></span> <span class='ocrx_word' id='word_1_208' title='bbox 1040 2904 1149 2990; x_wconf 83' lang='grc' dir='ltr'><em>πάγον</em></span> 
     </span>
     <span class='ocr_line' id='line_1_28' title="bbox 117 3004 1149 3095; baseline -0.002 -21"><span class='ocrx_word' id='word_1_209' title='bbox 117 3005 168 3074; x_wconf 67' lang='grc' dir='ltr'><em>ἔτι</em></span> <span class='ocrx_word' id='word_1_210' title='bbox 184 3009 334 3088; x_wconf 88' lang='grc' dir='ltr'><em>πλείους,</em></span> <span class='ocrx_word' id='word_1_211' title='bbox 363 3006 444 3074; x_wconf 67' lang='grc' dir='ltr'><em>ἔνιοι</em></span> <span class='ocrx_word' id='word_1_212' title='bbox 462 3007 498 3073; x_wconf 78' lang='grc' dir='ltr'><em>δὲ</em></span> <span class='ocrx_word' id='word_1_213' title='bbox 515 3004 670 3073; x_wconf 83' lang='grc' dir='ltr'><em>καὶκατὰ</em></span> <span class='ocrx_word' id='word_1_214' title='bbox 691 3004 749 3074; x_wconf 86' lang='grc' dir='ltr'><em>τὸν</em></span> <span class='ocrx_word' id='word_1_215' title='bbox 765 3013 826 3074; x_wconf 81' lang='grc' dir='ltr'><em>τοῦ</em></span> <span class='ocrx_word' id='word_1_216' title='bbox 847 3007 947 3087; x_wconf 79' lang='grc' dir='ltr'><em>ΤάλωΙ</em></span> <span class='ocrx_word' id='word_1_217' title='bbox 963 3005 1085 3095; x_wconf 85' lang='grc' dir='ltr'><em>τάφον,</em></span> <span class='ocrx_word' id='word_1_218' title='bbox 1115 3005 1149 3073; x_wconf 79' lang='grc' dir='ltr'><em>οἱ</em></span> 
     </span>
     <span class='ocr_line' id='line_1_29' title="bbox 116 3104 1150 3198; baseline -0.002 -23"><span class='ocrx_word' id='word_1_219' title='bbox 116 3109 154 3176; x_wconf 77' lang='grc' dir='ltr'><em>δὲ</em></span> <span class='ocrx_word' id='word_1_220' title='bbox 179 3110 235 3175; x_wconf 87' lang='grc' dir='ltr'><em>καὶ</em></span> <span class='ocrx_word' id='word_1_221' title='bbox 261 3106 347 3197; x_wconf 87' lang='grc' dir='ltr'><em>πρὸς</em></span> <span class='ocrx_word' id='word_1_222' title='bbox 371 3104 411 3175; x_wconf 85' lang='grc' dir='ltr'><em>τὸ</em></span> <span class='ocrx_word' id='word_1_223' title='bbox 435 3104 595 3176; x_wconf 67' lang='grc' dir='ltr'><em>Ἀνάκειον</em></span> <span class='ocrx_word' id='word_1_224' title='bbox 616 3113 845 3198; x_wconf 75' lang='grc' dir='ltr'><em>προσθέμενοι</em></span> <span class='ocrx_word' id='word_1_225' title='bbox 870 3111 1029 3194; x_wconf 80' lang='grc' dir='ltr'><em>κλίμακας</em></span> <span class='ocrx_word' id='word_1_226' title='bbox 1055 3105 1150 3196; x_wconf 71' lang='grc' dir='ltr'><em>ἀνίη·-</em></span> 
     </span>
     <span class='ocr_line' id='line_1_30' title="bbox 113 3206 1148 3300; baseline 0.002 -22"><span class='ocrx_word' id='word_1_227' title='bbox 113 3234 220 3279; x_wconf 89' lang='grc' dir='ltr'><em>πουσι</em></span> <span class='ocrx_word' id='word_1_228' title='bbox 231 3207 399 3299; x_wconf 79' lang='grc' dir='ltr'><em>βομβηδὸν</em></span> <span class='ocrx_word' id='word_1_229' title='bbox 412 3206 449 3297; x_wconf 81' lang='grc' dir='ltr'><em>νὴ</em></span> <span class='ocrx_word' id='word_1_230' title='bbox 459 3214 525 3277; x_wconf 90' lang='grc' dir='ltr'><em>Δία</em></span> <span class='ocrx_word' id='word_1_231' title='bbox 537 3212 593 3277; x_wconf 82' lang='grc' dir='ltr'><em>καί</em></span> <span class='ocrx_word' id='word_1_232' title='bbox 604 3209 774 3300; x_wconf 85' lang='grc' dir='ltr'><em>βοτρυδὸν,</em></span> <span class='ocrx_word' id='word_1_233' title='bbox 793 3211 848 3278; x_wconf 76' lang='grc' dir='ltr'><em>ἵνα</em></span> <span class='ocrx_word' id='word_1_234' title='bbox 860 3213 916 3278; x_wconf 80' lang='grc' dir='ltr'><em>καί</em></span> <span class='ocrx_word' id='word_1_235' title='bbox 927 3207 1003 3278; x_wconf 77' lang='grc' dir='ltr'><em>καθ’</em></span> <span class='ocrx_word' id='word_1_236' title='bbox 1012 3207 1148 3298; x_wconf 71' lang='grc' dir='ltr'><em>Ὅμηρον</em></span> 
     </span>
     <span class='ocr_line' id='line_1_31' title="bbox 114 3302 985 3396; baseline -0.005 -13"><span class='ocrx_word' id='word_1_237' title='bbox 114 3313 217 3394; x_wconf 84' lang='grc' dir='ltr'><em>ε’ίπω,</em></span> <span class='ocrx_word' id='word_1_238' title='bbox 237 3309 320 3379; x_wconf 83' lang='grc' dir='ltr'><em>ἀλλὰ</em></span> <span class='ocrx_word' id='word_1_239' title='bbox 337 3309 491 3381; x_wconf 86' lang='grc' dir='ltr'><em>κάκεῖθεν</em></span> <span class='ocrx_word' id='word_1_240' title='bbox 509 3302 545 3379; x_wconf 78' lang='grc' dir='ltr'><em>εὖ</em></span> <span class='ocrx_word' id='word_1_241' title='bbox 562 3312 653 3396; x_wconf 89' lang='grc' dir='ltr'><em>μάλα</em></span> <span class='ocrx_word' id='word_1_242' title='bbox 670 3314 790 3381; x_wconf 86' lang='grc' dir='ltr'><em>πολλοὶ</em></span> <span class='ocrx_word' id='word_1_243' title='bbox 808 3309 985 3380; x_wconf 80' lang='grc' dir='ltr'><em>κάντεῦθεν</em></span> 
     </span>
    </p>

    <p class='ocr_par' dir='ltr' id='par_1_9' title="bbox 110 3409 1147 3708">
     <span class='ocr_line' id='line_1_32' title="bbox 201 3409 1051 3503; baseline -0.004 -20"><span class='ocrx_word' id='word_1_244' title='bbox 201 3420 328 3503; x_wconf 92' lang='grc' dir='ltr'><em>μυρίοι,</em></span> <span class='ocrx_word' id='word_1_245' title='bbox 348 3410 435 3482; x_wconf 78' lang='grc' dir='ltr'><em>ὅσσα</em></span> <span class='ocrx_word' id='word_1_246' title='bbox 450 3439 487 3482; x_wconf 86' lang='grc' dir='ltr'><em>τε</em></span> <span class='ocrx_word' id='word_1_247' title='bbox 505 3414 615 3503; x_wconf 90' lang='grc' dir='ltr'><em>φάλλα</em></span> <span class='ocrx_word' id='word_1_248' title='bbox 630 3415 686 3480; x_wconf 80' lang='grc' dir='ltr'><em>καί</em></span> <span class='ocrx_word' id='word_1_249' title='bbox 703 3409 812 3480; x_wconf 85' lang='grc' dir='ltr'><em>ἀνθεα</em></span> <span class='ocrx_word' id='word_1_250' title='bbox 828 3418 953 3499; x_wconf 88' lang='grc' dir='ltr'><em>γίνεται</em></span> <span class='ocrx_word' id='word_1_251' title='bbox 969 3409 1051 3502; x_wconf 73' lang='grc' dir='ltr'><em>ιδ’ρη.</em></span> 
     </span>
     <span class='ocr_line' id='line_1_33' title="bbox 110 3513 1146 3606; baseline -0.002 -20"><span class='ocrx_word' id='word_1_252' title='bbox 110 3515 217 3606; x_wconf 79' lang='grc' dir='ltr'><em>μεστὴ</em></span> <span class='ocrx_word' id='word_1_253' title='bbox 236 3519 272 3586; x_wconf 75' lang='grc' dir='ltr'><em>δὲ</em></span> <span class='ocrx_word' id='word_1_254' title='bbox 286 3513 305 3605; x_wconf 78' lang='grc' dir='ltr'><em>ἡ</em></span> <span class='ocrx_word' id='word_1_255' title='bbox 320 3516 500 3606; x_wconf 86' lang='grc' dir='ltr'><em>ἀκρόπολις</em></span> <span class='ocrx_word' id='word_1_256' title='bbox 513 3515 546 3582; x_wconf 74' lang='grc' dir='ltr'><em>ἐν</em></span> <span class='ocrx_word' id='word_1_257' title='bbox 557 3520 675 3604; x_wconf 90' lang='grc' dir='ltr'><em>βραχεῖ</em></span> <span class='ocrx_word' id='word_1_258' title='bbox 684 3513 863 3603; x_wconf 85' lang='grc' dir='ltr'><em>κλαγγηδὸν</em></span> <span class='ocrx_word' id='word_1_259' title='bbox 875 3514 1146 3602; x_wconf 84' lang='grc' dir='ltr'><em>προκαθιζόντων</em></span> 
     </span>
     <span class='ocr_line' id='line_1_34' title="bbox 111 3614 1147 3708; baseline -0.007 -17"><span class='ocrx_word' id='word_1_260' title='bbox 111 3621 171 3691; x_wconf 83' lang='grc' dir='ltr'><em>καί</em></span> <span class='ocrx_word' id='word_1_261' title='bbox 188 3626 355 3705; x_wconf 80' lang='grc' dir='ltr'><em>πανταχοῦ</em></span> <span class='ocrx_word' id='word_1_262' title='bbox 372 3619 465 3708; x_wconf 80' lang='grc' dir='ltr'><em>πήρα</em></span> <span class='ocrx_word' id='word_1_263' title='bbox 481 3618 603 3705; x_wconf 85' lang='grc' dir='ltr'><em>πώγων</em></span> <span class='ocrx_word' id='word_1_264' title='bbox 621 3620 774 3685; x_wconf 87' lang='grc' dir='ltr'><em>κολακεία</em></span> <span class='ocrx_word' id='word_1_265' title='bbox 797 3614 1006 3701; x_wconf 82' lang='grc' dir='ltr'><em>ἀναισχυντία</em></span> <span class='ocrx_word' id='word_1_266' title='bbox 1026 3624 1147 3704; x_wconf 86' lang='grc' dir='ltr'><em>βακτη-</em></span> 
     </span>
    </p>
   </div>
   <div class='ocr_carea' id='block_1_2' title="bbox 110 3716 1148 4121">
    <p class='ocr_par' dir='ltr' id='par_1_10' title="bbox 110 3716 1148 4121">
     <span class='ocr_line' id='line_1_35' title="bbox 112 3716 1147 3813; baseline 0.002 -24"><span class='ocrx_word' id='word_1_267' title='bbox 112 3726 172 3813; x_wconf 89' lang='grc' dir='ltr'><em>ρία</em></span> <span class='ocrx_word' id='word_1_268' title='bbox 189 3725 312 3807; x_wconf 87' lang='grc' dir='ltr'><em>λιχνεία</em></span> <span class='ocrx_word' id='word_1_269' title='bbox 330 3718 547 3809; x_wconf 86' lang='grc' dir='ltr'><em>συλλογισμὸς</em></span> <span class='ocrx_word' id='word_1_270' title='bbox 561 3721 774 3809; x_wconf 85' lang='grc' dir='ltr'><em>φιλαργυρία·</em></span> <span class='ocrx_word' id='word_1_271' title='bbox 793 3718 827 3787; x_wconf 81' lang='grc' dir='ltr'><em>οἱ</em></span> <span class='ocrx_word' id='word_1_272' title='bbox 840 3716 945 3807; x_wconf 86' lang='grc' dir='ltr'><em>ὀλίγοι</em></span> <span class='ocrx_word' id='word_1_273' title='bbox 958 3721 1003 3802; x_wconf 77' lang='grc' dir='ltr'><em>δὲ,</em></span> <span class='ocrx_word' id='word_1_274' title='bbox 1024 3716 1147 3791; x_wconf 80' lang='grc' dir='ltr'><em>ὁπόσοι</em></span> 
     </span>
     <span class='ocr_line' id='line_1_36' title="bbox 110 3818 1147 3915; baseline -0.006 -20"><span class='ocrx_word' id='word_1_275' title='bbox 110 3822 202 3914; x_wconf 85' lang='grc' dir='ltr'><em>πρὸς</em></span> <span class='ocrx_word' id='word_1_276' title='bbox 226 3824 265 3894; x_wconf 88' lang='grc' dir='ltr'><em>τὸ</em></span> <span class='ocrx_word' id='word_1_277' title='bbox 291 3831 424 3915; x_wconf 82' lang='grc' dir='ltr'><em>πρῶτον</em></span> <span class='ocrx_word' id='word_1_278' title='bbox 449 3823 596 3913; x_wconf 77' lang='grc' dir='ltr'><em>κήρυγμα</em></span> <span class='ocrx_word' id='word_1_279' title='bbox 623 3820 724 3891; x_wconf 77' lang='grc' dir='ltr'><em>ἐκεῖνο</em></span> <span class='ocrx_word' id='word_1_280' title='bbox 747 3820 900 3912; x_wconf 83' lang='grc' dir='ltr'><em>ἀνῄεσαν,</em></span> <span class='ocrx_word' id='word_1_281' title='bbox 927 3818 1067 3912; x_wconf 76' lang='grc' dir='ltr'><em>ἀφανεῖς</em></span> <span class='ocrx_word' id='word_1_282' title='bbox 1089 3824 1147 3889; x_wconf 82' lang='grc' dir='ltr'><em>καὶ</em></span> 
     </span>
     <span class='ocr_line' id='line_1_37' title="bbox 112 3921 1148 4014; baseline -0.005 -18"><span class='ocrx_word' id='word_1_283' title='bbox 112 3922 254 4014; x_wconf 81' lang='grc' dir='ltr'><em>ἀσημοι,</em></span> <span class='ocrx_word' id='word_1_284' title='bbox 283 3925 518 4014; x_wconf 82' lang='grc' dir='ltr'><em>ἀναμιχθέντες</em></span> <span class='ocrx_word' id='word_1_285' title='bbox 535 3931 582 4012; x_wconf 78' lang='grc' dir='ltr'><em>τῷ</em></span> <span class='ocrx_word' id='word_1_286' title='bbox 600 3925 728 4012; x_wconf 84' lang='grc' dir='ltr'><em>πλήθει</em></span> <span class='ocrx_word' id='word_1_287' title='bbox 749 3931 814 3993; x_wconf 84' lang='grc' dir='ltr'><em>τῶν</em></span> <span class='ocrx_word' id='word_1_288' title='bbox 832 3921 952 4008; x_wconf 85' lang='grc' dir='ltr'><em>ἀλλων,</em></span> <span class='ocrx_word' id='word_1_289' title='bbox 979 3928 1037 3993; x_wconf 89' lang='grc' dir='ltr'><em>καὶ</em></span> <span class='ocrx_word' id='word_1_290' title='bbox 1053 3924 1148 4014; x_wconf 76' lang='grc' dir='ltr'><em>λελή-</em></span> 
     </span>
     <span class='ocr_line' id='line_1_38' title="bbox 110 4023 1144 4121; baseline 0 -24"><span class='ocrx_word' id='word_1_291' title='bbox 110 4035 219 4098; x_wconf 88' lang='grc' dir='ltr'><em>θασιν</em></span> <span class='ocrx_word' id='word_1_292' title='bbox 237 4028 270 4099; x_wconf 74' lang='grc' dir='ltr'><em>ἒν</em></span> <span class='ocrx_word' id='word_1_293' title='bbox 287 4037 326 4121; x_wconf 79' lang='grc' dir='ltr'><em>τῇ</em></span> <span class='ocrx_word' id='word_1_294' title='bbox 345 4028 517 4119; x_wconf 80' lang='grc' dir='ltr'><em>ὁμοιότητι</em></span> <span class='ocrx_word' id='word_1_295' title='bbox 533 4034 598 4095; x_wconf 80' lang='grc' dir='ltr'><em>τῶν</em></span> <span class='ocrx_word' id='word_1_296' title='bbox 617 4023 724 4098; x_wconf 88' lang='grc' dir='ltr'><em>ἀλλων</em></span> <span class='ocrx_word' id='word_1_297' title='bbox 742 4028 925 4119; x_wconf 84' lang='grc' dir='ltr'><em>σχημάτων.</em></span> <span class='ocrx_word' id='word_1_298' title='bbox 951 4034 1049 4097; x_wconf 76' lang='grc' dir='ltr'><em>τοῦτο</em></span> <span class='ocrx_word' id='word_1_299' title='bbox 1066 4034 1144 4117; x_wconf 77' lang='grc' dir='ltr'><em>γοῦν</em></span> 
     </span>
    </p>
   </div>
   <div class='ocr_carea' id='block_1_3' title="bbox 0 0 1380 4632">
    <p class='ocr_par' dir='ltr' id='par_1_11' title="bbox 0 0 1380 4632">
     <span class='ocr_line' id='line_1_39' title="bbox 0 0 1380 4632; baseline 0 3"><span class='ocrx_word' id='word_1_300' title='bbox 0 0 1380 4632; x_wconf 95' lang='lat' dir='ltr'><em> </em></span> 
     </span>
    </p>
   </div>
  </div>
 </body>
</html>
