2752 4632
462 213 531 272 XII.
552 213 697 271 ΧΑΡΩΝ
719 214 839 272 10-12.
1088 203 1153 272 177

116 323 200 412 περὶ
214 318 454 393 τῶντοιούτων
470 325 588 444 κρίσιν
618 316 748 389 άλλδί
713 346 733 386 τ
747 344 804 400 νας
822 318 963 401 ἐκείνους
976 317 994 391 5
1008 331 1154 409 Κρυίσσς
1170 344 1203 395 11

118 419 322 510 ἐκπέμπει
299 451 333 513 η
330 431 374 491 τί
390 416 449 492 λπὶ
464 428 530 490 τῶν
549 418 648 508 ιύμων
666 427 823 512 φέρουσι,·

169 542 257 600 EPM
290 528 459 652 Πλίνθσρς
475 551 523 615 τω
508 530 663 612 Πυθίῳ
682 531 807 612 χρυσᾶς
824 520 1004 614 ἀνατίθησι
1024 526 1153 614 μισθὸν

45 660 48 665 ’
74 652 77 655 ·
115 634 184 699 τῶν
199 634 367 718 χρησμῶν,
386 623 442 717 ύφ’
458 617 504 694 ὦν
520 629 577 695 καὶ
594 622 771 695 ἀπολεῖται
786 624 904 718 μικρὸν
920 624 1071 719 ὕστερον·
1093 650 1162 722 qva-¹

116 731 276 819 λόμαντις
294 726 368 799 δὲί
347 727 428 820 ανὴρ
446 728 606 899 ἐκτόπως.

169 849 257 907 ΧΑΡ.
287 828 466 902 Ἐκεῖνο
424 857 487 921 χορ
506 831 595 900 ἐστιν
612 827 631 899 5
647 829 782 919 χρυσὸς,
800 829 841 900 τό
857 832 1044 956 λαμπρδν“
1026 860 1045 902 o
1065 830 1153 903 ἄπο-

117 962 159 1008 στ
161 937 260 1022 ίλβει,
287 932 325 1003 τό
348 929 502 1023 ύπωχρσν
522 958 584 1021 μετ
581 930 835 1024 ἔρυδῄματσςς
861 941 917 1004 νύν
937 935 1152 1027 γάρπρῶτον

116 1035 244 1111 εἶδον
225 1039 352 1107 ακσύων
369 1033 433 1107 άεί.

169 1149 256 1206 ΕΡΜ
287 1137 422 1224 Ἐκεῖνο,
449 1130 631 1231 ὦΧάρων,
656 1138 696 1209 τδ
715 1138 869 1227 ἀοίδιμον
887 1136 992 1228 ὄνομα
1012 1143 1069 1211 καὶ
1089 1167 1154 1211 πε-

114 1244 308 1338 ριμάχητον.

167 1362 255 1419 XAP.
289 1347 357 1414 Καὶ
371 1343 436 1437 μὴν
454 1342 513 1430 ούχ
530 1342 598 1470 δρῶ
616 1341 637 1415 ό
652 1373 687 1414 τι
705 1343 836 1437 άμαθδν
854 1344 943 1436 αύτῷ
961 1347 1150 1435 πρόσεστιν,

116 1447 206 1520 εἰ
165 1476 211 1538 μη
230 1434 296 1539 άρα
313 1447 347 1516 ε’ν
363 1475 397 1516 τι
413 1447 528 1535 μόνον,
547 1444 602 1518 ότι
617 1449 815 1539 βαρύνονται
833 1477 866 1518 οι
856 1451 1040 1540 (φέροντες
1058 1446 1152 1520 υύτό

169 1566 256 1623 ΕΡΜ.
292 1547 335 1621 Ού
337 1549 415 1641 γὰρ
434 1546 578 1620 υλσθα”
557 1577 633 1621 οσυι
649 1553 793 1639 πόλεμοι
811 1550 867 1621 διὰ
883 1559 982 1621 τούτο
1003 1554 1059 1619 καὶ
1078 1550 1157 1620 ἑπι-

114 1656 237 1744 βσυλαὶ
254 1656 310 1722 καὶ
332 1653 492 1743 λῃστήρια
512 1652 759 1742 καὶ-ἐπιορκίαι
779 1658 834 1723 καὶ
853 1655 952 1745 φόνοι
972 1656 1029 1723 καλ
1047 1652 1152 1740 δεσμὰ

116 1759 175 1828 καὶ
191 1759 297 1838 πλοῦς
313 1756 439 1880 μακρὸς
455 1760 512 1825 καὶ
529 1754 690 1882 ἐμπορίαι
706 1759 762 1824 καὶ
779 1758 943 1836 δουλείαις

115 2073 184 2138 τῶν
201 2066 455 2135 καταπλεόντων
472 2063 611 2133 ἑκάστου
630 2062 778 2152 ίκλίχωκ

169 2175 257 2232 nm
290 2173 375 2236 Ναί·
406 2163 479 2234 ἀλλ’
500 2163 658 2265 όχυλκδς
677 2169 737 2253 μὲν
758 2164 878 2248 πολὺς,
907 2160 993 2236 ὥστε
1011 2162 1052 2235 σύ
1064 2165 1152 2236 πάνυ

116 2270 344 2352 σπουδάζεται
361 2265 417 2337 ὑπ’
433 2266 557 2337 αὐτῶν·
579 2276 695 2338 τοῦτον
714 2270 751 2339 δὲ
768 2265 878 2358 ὀλίγον
896 2266 932 2341 ἐκ
948 2273 1076 2339 πολλοῦ
1093 2275 1153 2337 τοῦ

115 2373 251 2464 βάθους
269 2372 303 2440 οἱ
318 2371 570 2457 μεταλλεύοντες
592 2369 823 2462 ἀνορύττουσι·
850 2369 937 2463 πλὴν
954 2369 1028 2441 ἀλλ’
1043 2371 1079 2442 ἐκ
1094 2378 1153 2462 γῆς

116 2477 176 2545 καὶ
195 2464 291 2555 οὗτος
309 2469 423 2564 ὥσπερ
442 2468 460 2543 5
478 2474 644 2561 μόλυβδος
659 2477 717 2542 καὶ
732 2472 776 2543 τὰ
794 2471 889 2544 άλλα.

169 2593 256 2651 ΧΑΡ.
291 2577 407 2664 Δεινήν
432 2601 506 2643 τινα
531 2578 635 2663 λέγεις
660 2582 726 2656 τῶν
753 2572 945 2664 ἀνθρώπων
970 2574 1028 2664 τὴν
1055 2572 1153 2663 άβελ-

116 2668 249 2773 τερίαν,
286 2678 321 2750 ελ
336 2685 499 2750 ’τοσοῦτον
529 2679 649 2767 ἐ’ρωτα.
667 2677 786 2769 ἐρῶσιν
817 2676 923 2765 ὠχροῦ
953 2682 1009 2747 καὶ
1033 2684 1154 2765 βαρέος

116 2787 293 2873 κτήματος.
362 2845 366 2853 .

171 2903 259 2959 EPM
289 2881 369 2968 Ἀλλ’
385 2883 424 2954 σύ
431 2887 547 2956 Σόλων
563 2911 600 2974 με
618 2884 752 2969 ἐκεῖνος,
772 2876 940 2975 ὦΧάρων,
960 2881 1036 2973 δρᾶν
1049 2879 1153 2953 αότσῦ

118 2994 291 3082 φαίνεται·
318 2985 479 3078 ὦς’όρᾷς,
507 2992 669 3079 καταγελᾷ
689 2987 751 3079 χδιρ
773 2994 833 3057 τοῦ
851 2992 996 3076 Κροίσου
1018 2991 1154 3078 καὶτῆς

117 3095 342 3180 μεγαλαυχίας
366 3098 425 3159 τοῦ
450 3092 635 3182 βαρβάρου,
662 3097 720 3159 καί
743 3117 803 3177 μοι
825 3092 932 3163 δοκεῖν
953 3088 1094 3179 ἐρέσθαι
1118 3117 1154 3159 τι

117 3195 278 3284 βούλεται
296 3190 411 3261 αὐτόν·
433 3191 668 3278 ἐπακούσωμεν
686 3185 755 3263 οὖν.

126 3320 129 3329 “
175 3312 260 3368 ΣΟΔ.
294 3295 384 3364 Εἰπέ
398 3321 472 3381 μοι,
499 3286 680 3385 ὦ-Κρσῖσε,
709 3296 775 3365 σύει
793 3295 856 3384 γάρ
878 3321 913 3363 τι
929 3296 1067 3364 δεῖσθαι
1087 3301 1154 3363 τῶν
1173 3316 1204 3365 12

15 3435 20 3442 ·
118 3401 276 3469 πλίνθων
292 3398 419 3467 τούτων
435 3395 492 3465 τόν
509 3399 656 3476 Πύθισνς

175 3515 300 3573 ΚΡΟΙΣ.
338 3496 391 3588 Νὴ
409 3497 482 3568 Δί’·
509 3496 548 3568 ού
565 3500 628 3590 γάρ
647 3498 736 3568 ἔστιν
753 3493 843 3587 αύτῷ
861 3496 895 3568 ἐν
912 3500 1058 3589 Δελφοῖς
1074 3494 1155 3566 ύνά-

121 3609 222 3691 θημα
238 3600 334 3671 οὐδὲν
350 3607 511 3673 τοιοῦτον.
1118 3632 1125 3647 ·

177 3712 262 3769 ΣΟλ
299 3701 420 3777 Οὐκοῦν
440 3704 602 3795 μακάριον
623 3705 690 3774 σ’ίει
708 3703 767 3773 τὸν
788 3702 871 3775 θεὸν
896 3699 1097 3794 άποφανεῖν,
1125 3704 1157 3773 εἰ

78 3822 81 3827 ‘
121 3808 282 3898 κτήσαιτο
301 3806 359 3877 σὺν
374 3818 447 3889 τοῖς
464 3804 576 3888 ἄλλοις
592 3810 648 3876 καί
664 3808 831 3888 πλίνθους
843 3812 984 3897 χρυσᾶς,·

120 3962 124 3971 -
178 3924 301 3983 ΚΡΟΙΣ.
340 3917 419 3991 Πῶς
435 3909 496 4000 χδρ
515 3907 571 3996 σός

178 4027 264 4084 ΣΟΔ.
298 4014 427 4103 Πολλόν
442 4038 502 4100 μοι
519 4017 635 4101 λέχεος,
655 4002 831 4100 ὦΚροῖσε,
850 4018 967 4083 πενίαν
985 4012 1019 4085 ἐν
1034 4020 1082 4103 τῷ
1100 4011 1157 4084 ού-

181 4116 277 4159 ίιιιείσσι·
291 4116 333 4158 υοί.
342 4115 360 4158 1.
951 4117 985 4170 12
