2740 4648
193 319 198 322 μ
257 222 324 293 274
647 236 899 293 Λουσιεσοε

312 488 449 556 ΥΠΕΡ
474 487 577 559 ιον
602 489 669 556 σοι
695 487 764 583 τις
789 470 1233 559 ΠΡΟΣΑΓΟΡΕΥΣΕΙ

594 598 955 669 ΠΤΑΙΣωΑτοΣ.

225 774 242 824 1
311 751 468 821 Χαλεπὸν
483 754 543 838 μὲν
561 751 743 840 ἄνθρωπον
762 749 840 820 ὄντα
858 752 1015 838 όαίμονός
1027 777 1115 833 τινος
1133 751 1292 843 ἐπήρειαν

260 855 443 946 διαφυγεῖν,
461 853 549 924 πολὺ
568 856 605 923 δὲ
619 854 850 945 χαλεπώτερον
864 852 1047 942 ἀπολογίαν
1059 851 1165 944 εὑρεῖν
1178 881 1292 941 παρα-

261 957 360 1046 λόγου
386 961 443 1025 καλ
469 958 642 1043 δαιμονίου
667 964 889 1042 πταίσματος,
919 953 1006 1046 άπερ
1034 955 1209 1048 ἀμφότερα
1233 965 1293 1026 νῦν

160 1070 162 1073 ’
262 1059 336 1146 ἐμοὶ
362 1065 575 1150 συμβέβηκεν,
603 1059 641 1141 ὃς
666 1056 866 1151 ἀφικόμενος
887 1058 980 1146 παρὰ
1000 1060 1053 1143 σε,
1081 1057 1128 1141 ὣς
1153 1066 1294 1149 προσεί-

262 1188 364 1247 ποιμι
376 1160 415 1231 τὸ
430 1161 581 1245 ἑωθινὸν,
602 1164 676 1230 δίον
687 1160 746 1250 τὴν
760 1164 888 1252 συνήθη
900 1164 1020 1251 ταύτην
1033 1160 1146 1251 φωνὴν
1155 1161 1294 1252 ἀφεῖναι

261 1268 318 1333 καλ
332 1271 459 1357 χαίρειν
475 1266 624 1347 κελεύειν,
644 1264 707 1352 ἐγὼ
727 1262 789 1334 δ’ὁ
806 1273 946 1355 χρυσοῦς
962 1264 1208 1351 ἐπιλαθόμενος
1219 1262 1295 1353 όγι-

262 1373 363 1436 αίνειν
381 1390 418 1436 σε
435 1365 560 1458 ἠξίουν,
588 1364 735 1456 εόφημον
756 1370 816 1453 μὲν
837 1372 893 1437 καὶ
909 1375 1021 1450 τοῦτο,
1051 1365 1109 1435 οόκ
1131 1366 1164 1435 ίν
1185 1374 1294 1456 καιρῷ

263 1471 300 1542 ἀὲ
322 1466 368 1551 ολς
389 1467 429 1538 οὗ
450 1470 533 1537 κατὰ
555 1468 612 1560 τὴν
635 1470 689 1539 ἕω.
725 1469 790 1559 ἐγὼ
814 1472 874 1557 μὲν
900 1462 957 1538 οὖν
979 1469 1038 1538 ἐπὶ
1057 1470 1165 1558 τούτῳ
1189 1467 1295 1551 εάθάς

261 1573 349 1641 ίόιόν
365 1597 402 1640 τε
419 1576 474 1641 καλ
491 1571 660 1662 ἠρυθρίων
677 1576 733 1640 καί
750 1586 908 1654 παντοῖος
922 1564 964 1661 ἦν
984 1571 1053 1641 ἀπὸ
1076 1570 1234 1660 ἀπορίας,
1264 1572 1295 1641 ολ

262 1675 425 1764 παρόντες
442 1676 479 1742 δὲ
498 1677 530 1743 οί
546 1677 605 1760 μὲν
622 1682 837 1764 παραπαίειν,
858 1672 903 1756 τός
916 1674 955 1744 τὸ
970 1674 1064 1757 εἰκὸς,
1086 1674 1119 1743 ολ
1133 1676 1170 1744 ἀὲ
1183 1678 1294 1765 ληρεῖν

262 1772 319 1865 ἀφ’
338 1774 479 1864 ἡλικίας,
513 1776 546 1845 ολ
578 1779 613 1846 ἀλ
638 1784 794 1866 χθεσινῆς
818 1778 1003 1866 κραιπάλης
1034 1774 1217 1861 ἀνάμεστον
1246 1776 1295 1845 ἔτι

263 1875 368 1966 η’ίονιό
387 1904 428 1963 με
447 1876 545 1959 εῖναι,
570 1879 600 1946 εί
616 1882 672 1947 καλ
690 1875 743 1947 ότι
759 1879 904 1962 μάλιστα
922 1879 963 1947 σὺ
986 1879 1141 1959 ίπιεικοῖς
1157 1878 1295 1968 ἤνεγκας

198 1998 207 2009 “
262 1979 302 2048 τὸ
324 1981 465 2069 γεγονὸς,
484 1976 595 2049 οόό“’
574 2004 653 2049 οσον
679 1978 767 2069 ἀκρφ
794 1986 841 2068 τῷ
868 1982 1061 2065 μειδιάματι
1089 1979 1296 2069 ἐπισημηνά-

262 2107 359 2168 μενος
375 2090 434 2171 τῆς
450 2080 645 2170 γλώττης
611 2110 669 2171 την
687 2085 755 2167 όιαι
743 2089 892 2171 μαρτίοιν.
845 2074 1082 2164 ανόόοξεν
1043 2107 1100 2150 ουν
1112 2108 1171 2169 μοι
1185 2087 1297 2166 καλῶς

263 2183 346 2269 ίχειν
363 2190 583 2273 παραμυθίαν
600 2211 673 2252 τινα
659 2183 823 2273 ἐμαυτῷ
842 2186 1045 2311 συγγράφοι,
1074 2183 1119 2266 ὥς
1139 2185 1185 2274 μὴ
1204 2189 1294 2256 πάνυ

265 2284 411 2374 ἀνιῴμην
433 2285 491 2354 ἐπὶ
511 2293 559 2375 τῷ
585 2294 770 2371 πταίσματι
792 2285 1056 2378 μηδ’ἀφόρητον
1082 2285 1159 2376 ηγοί
1156 2316 1236 2377 μην,
1268 2288 1297 2357 εί

245 2387 450 2488 ,πρεσβύτης
468 2386 548 2479 ἀνὴρ
569 2396 728 2457 τοσοῦτον
746 2386 942 2478 ἀπεσφάλην
958 2397 1016 2458 τοῦ
1039 2394 1147 2469 καλῶς
1165 2390 1298 2474 ίχοντος

266 2486 324 2559 ἐπὶ
340 2491 508 2559 τοσοότων
524 2492 715 2581 μαρτύρων·
738 2489 922 2579 ἀπολογίας
938 2494 998 2576 μὲν
1015 2490 1076 2580 γὰρ
1100 2489 1197 2560 οόόίν
1215 2494 1295 2585 ἔδει,

265 2588 369 2676 οίμαι,
388 2591 473 2680 άπερ
481 2595 627 2682 γλώττης
637 2595 685 2676 εἰς
694 2590 800 2676 οὕτως
813 2591 960 2684 εάφημον
974 2592 1067 2684 εὐχὴν
1077 2591 1296 2685 ὀλισθούσης.

187 2730 191 2735 ·
230 2714 247 2764 ι
265 2690 445 2785 ἀρχόμενος
462 2699 520 2781 μὲν
539 2689 595 2766 σόν
611 2704 671 2786 τῆς
687 2703 816 2786 γραφῆς
833 2698 919 2765 πάνυ
939 2695 1057 2788 ἀπόρῳ
1081 2697 1298 2779 ἐντεύξεσθαι

265 2793 357 2886 ᾤμην
373 2804 421 2885 τῷ
443 2802 667 2890 προβλήματι,
696 2801 849 2889 προῖόντι
873 2801 908 2868 ἀὲ
926 2799 1034 2868 πολλὰ
1055 2798 1239 2891 προάφάνη
1257 2798 1299 2870 τά

264 2901 387 2968 λεκτέα.
428 2897 466 2968 οό
491 2901 555 2990 μὴν
580 2903 742 2992 πρότερον
768 2903 834 2990 ίρῶ
860 2900 956 2984 αόιά,
988 2900 1028 2992 ἢν
1057 2902 1102 2993 μὴ
1129 2908 1211 2990 περὶ
1237 2911 1299 2973 τοῦ

262 3007 389 3093 χαίρειν
415 3000 517 3073 αὐτοῦ
543 3007 683 3073 καὶτοῦ
711 2996 747 3072 εά
778 3005 937 3096 πράττειν
965 3008 1022 3073 καλ
1050 3013 1110 3074 τοῦ
1136 3003 1299 3094 ὑγιαίνειν

264 3109 419 3192 προείπω
440 3104 483 3174 τά
510 3107 630 3175 εἰκότα.
676 3105 781 3175 τὸὲ
741 3109 800 3192 μὲν
782 3107 866 3197 νόὴ
890 3114 1016 3198 χαίρειν
1043 3102 1143 3199 ἀρχαί
1143 3134 1164 3175 α
1191 3103 1299 3195 μὲνό

264 3206 594 3299 προσαγόρευσις,οά
612 3236 676 3298 μην
694 3208 818 3298 ἑωθινὴ
835 3211 936 3296 μόνον
954 3208 1065 3279 οόόλ(
1047 3209 1114 3278 υπὸ
1128 3238 1188 3299 την
1201 3210 1300 3300 πριό-

263 3334 322 3399 την
348 3309 500 3393 ἔντευξιν,
534 3306 703 3381 ἀλλάλ
647 3315 703 3381 καλ
732 3320 865 3400 πρῶτον
891 3315 950 3399 μὲν
979 3313 1103 3393 ἰδόντες
1133 3310 1302 3465 ἀλλήλους

265 3408 432 3500 όλεγον’
392 3409 487 3494 αυτὸ,
508 3439 554 3494 ως
570 3410 624 3496 τὸ,

418 3511 527 3605 Χαῖρ’,
547 3542 575 3582 ω
560 3506 738 3586 όυνάστα
753 3519 909 3606 τῆσδε·”
868 3543 928 3607 γης
947 3523 1140 3607 Τιρυνθίας·

264 3618 321 3686 καί
344 3613 429 3702 μετὰ
450 3614 490 3685 τὸ
513 3619 647 3688 δεῖπνον
669 3618 703 3700 ἐς
729 3620 845 3708 λόγους
870 3617 931 3709 ἤδη
953 3626 1148 3711 παροινίους
1177 3618 1302 3710 ιρεπό·

264 3744 372 3806 μενοι,
393 3714 440 3799 ιός
456 3716 509 3800 τὸ,

354 3817 463 3910 Χαῖρ’,
478 3818 615 3907 Ἀχιλεῦ,
635 3822 748 3904 δαιτὸς
764 3826 823 3909 μὲν
841 3823 931 3914 ἐίσης
949 3821 1006 3892 οόκ
1024 3823 1203 3907 ίπιόευεῑς,

259 3919 430 4004 ’θόυσσεὺς
447 3919 552 3993 όπότε
568 3923 626 4014 τὴν
644 3924 884 4015 ἐπεσταλμένην
901 3933 1079 4015 πρεσβείαν
1096 3922 1188 4015 αὐτῷ
1201 3923 1303 4019 ἀρρη·

262 4023 394 4116 τόρευε·
411 4028 468 4094 καὶ
483 4024 546 4117 ἤδη
565 4025 721 4108 ἀπιόντες
738 4026 816 4118 παρ’
832 4026 988 4119 ἀλλήλων,
1008 4027 1054 4110 τός
1070 4027 1120 4112 τὸ,
