2752 4632
215 217 294 285 ,208
616 226 870 283 AorKIANor

226 359 313 421 μονα
328 334 398 417 καὶ,
418 331 449 400 εί
464 329 509 421 μή
524 328 680 424 φορτικὸν
694 331 812 416 εἰπεῖν,
831 330 997 420 κηδεμόνα
1006 337 1072 400 τῶν
1086 331 1263 421 ἐπιτηδευ-

226 437 353 523 μάτων,
382 425 419 503 εύ
440 436 511 502 ἰ’στε
533 432 797 517 ἀποκτενοῦντες,
829 431 868 522 ἢν
889 433 947 523 ἐμὲ
969 430 1182 526 ἀποκτείνητε
1202 445 1292 515 κοΐ

217 547 334 610 σαύτα
350 542 428 628 περὶ
445 535 537 624 ἀμῶν
554 541 775 628 πεπονηκότα.
812 534 910 628 όρᾶτε
929 530 985 607 οὖν
1002 536 1048 628 μῆ
1064 537 1103 608 τὸ
1120 547 1187 609 τῶν
1202 547 1261 610 νῦν

227 642 426 734 φιλοσόφων
439 639 534 710 αύτολ
546 648 674 731 ποιῆτε,
690 639 866 732 ἀχάριστοι
876 645 932 709 καὶ
945 638 1072 733 όργίλοι
1084 645 1142 715 καλ
1154 639 1262 733 ἀγνύ-

225 769 324 839 μονες
341 745 539 839 φαινόμενοι
555 743 641 835 πρὸς
659 741 763 830 ἀνδρα
779 741 957 834 εόεργίτηκ.
1064 826 1069 833 ,

278 863 388 919 ΠΛΑΤ.
417 843 452 915 Ὦ
468 854 527 936 τῆς
547 842 786 931 ἀναισχυντίας.
821 849 877 913 καλ
894 847 991 936 χάριν
1009 871 1065 916 σοι
1085 853 1144 935 τῆς
1159 873 1263 938 κακή.

226 955 341 1038 γορίας
366 952 649 1038 προσυφείλομεν,·
677 944 781 1030 ούτως
802 945 849 1030 ὥς
870 945 1094 1037 ἀνδραπόδοις
1121 947 1261 1039 ἀληθῶς

228 1053 293 1121 οἴει
319 1053 534 1139 διαλέγεσθαι
558 1055 614 1121 καλ
644 1047 829 1138 εὐεργεσίαν
854 1055 1030 1140 καταλογιῇ
1061 1050 1148 1145 πρὸς
1172 1050 1261 1141 ἡμᾶς

228 1153 285 1222 ἐπὶ
302 1160 342 1244 τῇ
359 1154 504 1244 τοσαύτῃ
523 1149 617 1243 ύβρει
633 1156 689 1219 καὶ
706 1158 865 1242 παροινίᾳ
881 1160 946 1241 τῷν
961 1155 1085 1242 λόγων,·
1146 1192 1149 1197 >

194 1278 210 1328 6
277 1271 389 1328 ΔΟΥΚ.
424 1262 494 1325 Ποό
511 1254 574 1345 γὰρ
592 1250 655 1341 ἐγὼ
673 1252 759 1340 ἀμάς
775 1252 796 1343 ή
813 1257 897 1325 πότε
915 1251 1045 1344 ύβρικα,
1073 1255 1112 1336 ός
1129 1254 1183 1324 ἀεὶ
1200 1282 1261 1346 φι·

226 1361 390 1448 λοσοφίαν
418 1383 456 1426 τε
486 1358 681 1442 θαυμάζων
699 1359 906 1429 διατετέλεκα
935 1361 991 1425 καὶ
1024 1355 1112 1444 όμᾶς
1132 1356 1262 1439 αὐτοὺς

227 1457 458 1550 όπερεπαινιόν
474 1463 531 1528 καὶ
547 1472 619 1540 τοῖς
635 1460 747 1547 λόγοις
764 1459 822 1541 οὓς
838 1463 1099 1531 καταλελοίπατε
1117 1458 1241 1547 ὁμιλῶν
1247 1491 1261 1545 ,·

227 1559 312 1631 αότὰ
333 1567 411 1651 γοῦν
433 1558 456 1630 ά
477 1588 564 1652 φημι
584 1569 703 1646 ταῦτα,
734 1562 845 1635 πόθεν
866 1558 1009 1631 ἀλλοθεν
1030 1560 1052 1652 ἢ
1074 1560 1152 1652 παρ’
1167 1559 1260 1648 όμιόν

227 1664 338 1750 λαβὼν
351 1667 407 1731 καὶ
419 1664 502 1732 κατὰ
513 1663 571 1755 τῆν
580 1668 732 1751 μέλιτταν
746 1662 1018 1750 ἀπανθισάμενος
1032 1664 1260 1750 ἐπιδείκνυμαι

226 1779 298 1846 τοῖς
316 1764 529 1855 ἀνθρώποις,·
547 1768 580 1836 οἱ
594 1770 630 1836 δέ
643 1766 818 1837 ἐπαινοῦσι
830 1770 887 1836 καὶ
897 1768 1109 1856 γνωρίζουσιν
1123 1766 1260 1836 ἕκαστον

143 1930 155 1957 ,
196 1922 201 1933 .
226 1867 265 1937 τὸ
285 1866 391 1951 ἀνθος
409 1866 491 1938 όθεν
507 1874 564 1939 καλ
585 1868 663 1957 παρ’
680 1866 757 1938 ότου
775 1873 833 1937 καί
854 1865 947 1949 όπως
965 1867 1175 1958 ἀνελεξάμην,
1202 1870 1260 1937 καὶ

227 1973 314 2063 λόγῳ
331 1975 390 2059 μὲν
408 1973 466 2058 ἐμὲ
483 1973 615 2062 ζηλοῦσι
631 1980 689 2062 τῆς
703 1971 916 2060 ἀνθολογίας,
934 1970 973 2039 τὸ
988 1968 1020 2040 δ’
1031 1968 1155 2059 ἀληθὲς
1172 1968 1260 2057 ύμᾶς

226 2078 282 2145 καί
307 2073 364 2144 τὸν
390 2078 534 2161 λειμῶνα
558 2074 615 2144 τὸν
640 2073 807 2164 όμίτερον,
836 2079 870 2143 οἳ
894 2082 1032 2143 τοιαῦτα
1058 2072 1260 2164 ἐξηνθήκατε
1368 2166 1369 2171 ¹

227 2181 364 2248 ποικίλα
381 2181 434 2244 καὶ
453 2179 611 2266 πολυειδῆ
629 2177 689 2261 τάς
705 2174 832 2268 βαφὰς,
860 2177 894 2249 εἴ
907 2202 958 2258 τις
980 2175 1205 2259 ἀναλέξασθαί
1216 2203 1259 2249 ,τε
1286 2203 1293 2214 ·

227 2278 312 2348 αὐτὰ
330 2278 503 2349 ἐπίσταιτο
521 2285 575 2348 καὶ
594 2277 775 2363 ἀναπλέξαι
792 2282 848 2348 καλ
866 2276 1024 2368 ἁρμόσαι,
1045 2276 1091 2360 ὥς
1107 2279 1151 2369 μή
1166 2276 1260 2369 ἀπηλ-
1367 2346 1368 2349 ,

227 2383 295 2482 δειιν
313 2383 457 2472 θάτερον
479 2388 635 2473 θατέρου.
672 2379 745 2451 ἔσθ’
762 2377 855 2465 όστις
873 2375 930 2450 οὖν
947 2390 1050 2451 ταῦτα
1072 2374 1108 2450 εὖ
1131 2408 1259 2453 πεπον-
1367 2390 1368 2397 ’

225 2482 302 2564 θὼς
317 2483 396 2574 παρ’
410 2482 502 2570 ύμιῦν
518 2491 625 2567 κακῶς
646 2482 687 2553 ἀν
704 2485 811 2554 εἰπεῖν
832 2485 1067 2575 ἐπιχειρήσειεν
1089 2482 1260 2574 εὐεργέτας

227 2583 361 2677 ἀνδρας,
391 2585 448 2677 ἀφ’
465 2579 511 2655 ὧν
533 2585 594 2677 ήδη
616 2613 668 2668 τις
690 2585 774 2656 ελναι
796 2587 921 2670 ἐ’δοξενς
947 2585 1039 2675 ἐκτὸς
1061 2588 1091 2655 εί
1111 2586 1260 2676 μὴκατὰ
1367 2626 1368 2631 1

225 2689 283 2759 τὸν
302 2692 446 2779 θάμυριν
463 2687 484 2780 ῆ
501 2689 558 2759 τὸν
575 2688 723 2779 Εύρυτον
740 2692 790 2779 ε’ίη
808 2687 866 2778 τῆν
884 2690 998 2780 φύσιν,
1018 2687 1064 2770 τός
1080 2702 1154 2772 ταῖς
1166 2690 1261 2763 Μοό-
1367 2694 1368 2703 ’

227 2817 302 2873 οαις
320 2790 484 2883 ἀπᾴδειν,
503 2789 581 2881 παρ’
594 2784 639 2860 ὧν
657 2793 786 2882 εἰλήφει
802 2790 859 2882 τήν
874 2790 969 2882 ᾠδήν,
988 2789 1070 2882 ῆτῷ
1077 2791 1260 2865 Ἀπόλλωνι

227 2893 400 2983 ἐριδαίνειν
428 2893 557 2964 ἐναντία
582 2897 738 2979 τοξεύων,
764 2898 821 2965 καλ
845 2892 950 2965 ταῦτα
973 2897 1087 2987 δοτῆρι
1108 2894 1180 2967 όντι
1200 2902 1260 2984 τῆς
1366 2938 1367 2979 η

225 3000 366 3086 τοξικῆς.

194 3120 209 3166 ι
278 3113 387 3170 ΠΛΑΤ.
425 3105 527 3168 Τοῦτο
544 3099 618 3185 μὲν,
645 3091 829 3188 ὦγενναϊε,
857 3099 897 3169 ού
919 3099 1003 3168 κατὰ
1023 3097 1100 3181 τοὺς
1117 3100 1259 3190 ῥήτορας

227 3199 355 3288 ε’ίρηταί
380 3219 450 3269 σοι·
480 3200 713 3273 ἐναντιώτατον
738 3210 816 3292 γοῦν
843 3201 914 3272 ἐστί
940 3228 995 3272 σοι
1016 3209 1063 3292 τῷ
1085 3202 1259 3290 πράγματι

227 3305 282 3370 καὶ
302 3305 534 3395 χαλεπωτέραν
556 3327 616 3373 σου
643 3304 845 3375 ἐπιδείκνυσι
865 3304 923 3394 τῆν
943 3308 1081 3391 τόλμαν,
1109 3306 1143 3374 εί
1159 3331 1196 3394 γε
1217 3311 1259 3394 τῆ

226 3400 340 3496 ἀδικίᾳ
357 3409 413 3474 καὶ
430 3403 606 3495 ἀχαριστία
622 3409 816 3495 πρόσεστιν,
836 3408 874 3490 ὃς
886 3406 965 3499 παρ’
980 3406 1072 3497 ήμῶν
1089 3407 1132 3476 τὰ
1145 3408 1261 3490 τοξεύ-

226 3530 340 3591 ματα,
359 3504 405 3589 ιός
427 3505 505 3597 φῂς,
533 3507 644 3595 λαβὼν
664 3507 743 3578 καθ’
757 3507 850 3599 ήμῶν
872 3511 1042 3595 ἐτόξευες,
1065 3510 1123 3579 ἕνα
1140 3516 1260 3593 τούτου

226 3604 436 3695 ἀποθέμενος
451 3608 510 3679 τὸν
527 3609 665 3696 σκοπόν,
685 3608 834 3697 ἅπαντας
850 3611 938 3703 ῆμᾶς
954 3611 1122 3703 ἀγορεύειν
1134 3618 1259 3693 κακαῖς·

225 3719 366 3780 τοιαῦτα
382 3712 476 3802 παρὰ
494 3719 554 3782 σοῦ
573 3709 803 3804 ἀπειλήφαμεν
816 3713 891 3784 ἀνθ’
907 3708 953 3785 ὧν
971 3741 1023 3785 σοι
1041 3714 1098 3784 τὸν
1112 3717 1260 3799 λειμῶνα

226 3812 347 3883 ἐκεῖνον
365 3811 629 3898 ἀναπετάσαντες
646 3813 705 3887 οάκ
722 3816 929 3904 ἐκωλύσαμεν
947 3820 1134 3907 δρέπεσθαι
1148 3819 1203 3883 καλ
1218 3814 1260 3885 τὸ

227 3918 432 4007 προκόλπιον
451 3917 700 4008 ἐμπλησάμενον
718 3916 895 3991 ἀπελθεῖν·
921 3917 1009 3993 ιόστε
1026 3921 1082 3989 διά
1104 3944 1141 4009 γε
1158 3925 1259 3987 τοῦτο

228 4016 260 4087 ελ
277 4021 403 4101 δίκαιος
421 4018 618 4091 ἀποθανεῖν.
