2740 4648
368 250 434 306 XX.
456 250 719 307 ΕΡΜΟΤΙΜΟΣ
740 252 860 331 21-24.
1062 244 1126 311 291

100 351 317 435 ἀποδέοντας·
339 352 396 422 οία
414 356 451 423 δέ
468 353 577 423 πολλὰ
594 361 739 444 γίγνεται
759 355 837 449 παρ’
849 356 936 447 ἡμῖν,
961 356 1127 450 ἆρπαζόν-

98 484 162 526 των
179 458 234 524 καὶ
251 457 453 543 βιαζομένων
469 459 527 525 καί
542 459 833 540 πλεονεκτούντων,
859 457 953 530 ούδέν
971 460 1011 531 ἀν
1028 465 1124 547 ἰ’δοις,

99 561 209 652 φασίν,
229 557 263 626 ἐν
281 558 385 648 ἐκείνη
401 566 442 650 τῇ
458 561 560 631 πόλει
574 562 793 647 τολμώμενον,
813 559 927 631 ἀλλ’ἐν
946 565 1052 656 εἰρήνη
1070 571 1128 634 καὶ

12 676 13 711 Ὗ
99 659 237 753 όμονοίρ
259 662 571 746 συμπολιτεύονται,
598 662 674 749 μάλ’
690 663 838 745 εἰκότως·
866 664 889 732 δι
909 665 971 756 γὰρ
995 668 1028 735 ἐν
1052 682 1127 751 ταῖς

98 762 213 845 ἀλλοις
222 763 369 846 πόλεσιν,
389 760 493 848 οίμαι,
512 764 573 846 τὰς
582 766 715 848 στάσεις
724 770 779 834 καὶ
793 771 996 857 φιλονεικίας
1010 770 1128 858 ἐγείρει
1195 858 1199 863 ⁴

97 870 151 936 καὶ
169 857 216 934 ὧν
234 864 325 965 ἐνεκα
343 863 614 952 ἐπιβουλεύουσιν
632 864 800 959 ἀλλήλοις,
824 878 929 939 ταῦτα
947 872 1059 941 πάντα
1077 873 1128 940 ἐκ-

98 969 211 1039 ποδών
225 967 314 1037 ἐστιν
327 966 472 1051 ἐκείνοις.
501 966 538 1037 ού
552 968 615 1060 γδιρ
630 968 707 1039 οότε
713 977 848 1059 χρυσίον
859 973 908 1041 ἐ’τι
918 972 994 1043 οότε
1006 972 1128 1065 ἡδονὰς

99 1067 172 1143 ούτε
191 1072 292 1155 δόξας
309 1068 446 1159 δρῶσιν,
475 1069 521 1154 ὥς
540 1073 765 1163 διαφέρεσθαι
777 1079 866 1171 περὶ
889 1074 1012 1159 αὐτῶν,
1042 1074 1127 1146 ἀλλὰ

97 1175 205 1245 πάλαι
221 1178 279 1262 τῆς
295 1175 427 1261 πόλεως
445 1173 674 1264 ἐξεληλάκασιν
693 1173 777 1245 αὐτὰ
796 1176 854 1247 ούκ
871 1175 1032 1268 ἀναγκαῖα
1049 1176 1129 1268 ἡγη-

99 1277 236 1363 σάμενοι
253 1277 572 1362 συμπολιτεύεσθαι.
609 1273 695 1347 ὥστε
712 1282 852 1369 γαληνόν
872 1308 947 1350 τινα
969 1285 1024 1350 καλ
1041 1307 1128 1351 παν-

98 1382 276 1465 ευδαίμονα
292 1383 368 1465 βίον
382 1385 497 1465 βιοῦσι
514 1378 573 1449 σὺν
591 1379 727 1472 εὐνομίᾳ
744 1387 800 1451 καὶ
818 1384 948 1475 ἰσότητι
962 1388 1019 1452 καλ
1037 1383 1128 1453 ἐλευ-

97 1489 199 1573 θερίᾳ
216 1484 361 1562 καὶτοῖς
378 1478 493 1562 ἀλλοις
511 1480 666 1570 ἀγαθοῖς.
1149 1501 1152 1507 ’

22 1576 24 1581 ’
148 1600 234 1657 EPM
272 1590 311 1652 Τί
322 1575 389 1667 ούν,
410 1575 437 1652 ὦ
449 1596 583 1663 Λυκῖνος
602 1583 661 1653 ούκ
675 1585 767 1669 ἀξιον
781 1583 931 1670 ἅπαντας
945 1588 1127 1675 ἐπιθυμεῖν
1144 1609 1178 1661 κε

97 1690 238 1767 πολίτας
258 1692 434 1775 γίγνεσθαι
454 1694 512 1774 τῆς
532 1689 689 1776 τοιαύτης
714 1689 846 1770 πόλεως
871 1692 955 1779 μήτε
981 1694 1128 1779 κάματον

96 1785 394 1878 ὗπολογιζομένους
410 1815 468 1858 τον
486 1794 519 1861 έν
537 1795 578 1879 τῇ
596 1786 666 1878 ὁδῷ
682 1791 764 1880 μήτε
783 1788 868 1879 πρός
884 1789 922 1861 τὸ
945 1804 1050 1883 μῆκος
1065 1801 1127 1863 ’τοῦ

94 1892 213 1980 χρόνου
233 1888 513 1982 ἀπαγορεύοντας,
541 1892 572 1960 εἰ
592 1896 767 1977 μέλλουσιν
791 1893 989 1983 ἀφικόμενοι
1012 1895 1127 1983 ἐγγρα·

96 1996 272 2087 φύσεσθαι
288 1996 344 2061 καί
361 1992 457 2062 αύτοὶ
475 1997 530 2063 καὶ
547 1998 701 2080 μεθέξειν
719 2003 777 2084 τῆς
794 2000 983 2082 πολιτείας,·

146 2112 231 2168 ΛΥΚ
269 2092 396 2186 ΝὴΔέ,
412 2088 440 2164 ὦ
450 2094 632 2183 Ἑρμότιμε,
651 2099 1125 2189 πάντωνμάλισταέπλτούτηι

97 2200 333 2280 σπουδαστέον,
353 2205 418 2266 τῶν
432 2197 464 2267 δ’
474 2197 581 2269 ἀλλων
596 2199 782 2289 ἀμελητέον,
802 2205 857 2270 καὶ
869 2204 952 2291 μήτε
965 2204 1127 2293 πατρίδος

12 2322 14 2397 η
95 2308 153 2391 τῆς
166 2300 313 2371 ἐνταῦθα
327 2300 630 2394 ἐπιλαμβανομένης
642 2303 747 2374 πολύν
761 2312 943 2377 ποιεῖσθαι
959 2304 1126 2395 τὸνλόγον

94 2405 177 2494 μήτε
202 2405 334 2474 παίδων
357 2400 377 2493 ἢ
398 2411 532 2492 γονέων,
561 2400 628 2494 ότῳ
652 2407 734 2476 εἰσὶν
757 2407 821 2490 ἐτι,
847 2410 1047 2492 κατεχόντων
1072 2413 1128 2478 καὶ

13 2508 14 2583 ζ
95 2507 427 2598 κλαυθμυριζομένων
445 2506 661 2591 ἐπικλᾶσθαι,
681 2506 766 2578 ἀλλὰ
779 2511 927 2597 μάλιστα
943 2512 1002 2595 μὲν
1019 2508 1127 2579 κάκεί

13 2670 15 2685 ,
96 2635 173 2690 νους
190 2613 391 2700 παρακαλεῖν
414 2608 472 2679 ἐπί
492 2609 550 2700 τὴν
568 2609 669 2699 αύτην
688 2609 781 2694 δδὸν,
810 2613 841 2680 εί
863 2613 899 2680 δέ
915 2610 960 2700 μὴ
979 2612 1127 2681 ἐθέλοιεν

97 2707 181 2803 ἢμὴ
199 2713 363 2795 δύναιντο,
392 2709 659 2799 ἀποσεισάμενον
681 2713 801 2794 αύτούς
820 2727 940 2803 χωρεῖν
962 2711 1046 2782 εὐθὺ
1068 2721 1128 2804 τῆς

95 2815 359 2902 πανευδαίμονος
377 2814 498 2905 ἐκείνης
515 2818 647 2896 πόλεως
663 2821 720 2885 καὶ
738 2813 818 2884 αύτδ
837 2813 1074 2908 ἀπορρίψαντα
1087 2815 1126 2886 τὸ

96 2918 242 3004 λμάτιον,
266 2919 297 2988 ελ
313 2919 432 2988 τούτου
451 2919 684 3010 ἐπειλημμένοι
704 2920 925 3011 κατερύκοιεν,
950 2918 1127 3006 ἐσσύμενον
1222 3004 1226 3013 1

95 3018 215 3088 ἐκεῖσε·
235 3017 272 3088 οὗ
281 3018 343 3110 γὰρ
354 3023 428 3103 δέος
434 3023 480 3111 μή
494 3029 532 3091 σέ
539 3050 591 3105 τις
601 3021 781 3115 ἀποκλείσῃ
795 3027 851 3091 καὶ
864 3019 985 3112 γυμνὸν
998 3019 1126 3113 ἥκοντα.

93 3118 159 3211 ἤδη
177 3121 240 3209 γάρ
258 3147 341 3190 ποτε
358 3129 415 3190 καὶ
427 3123 544 3195 άλλοτε
563 3127 751 3218 πρεσβύτου
767 3124 887 3217 ἀνδρὸς
900 3121 1024 3215 ἤκουσα
1042 3127 1128 3208 διεξ-
1145 3146 1180 3196 24

96 3224 208 3307 ιόντος
227 3217 321 3304 ὅπως
337 3223 379 3292 τὰ
398 3224 466 3293 ἐκεῖ
482 3229 663 3315 πράγματα
680 3229 764 3312 ἐχοι,
788 3233 845 3296 καί
859 3255 902 3313 με
919 3226 1128 3318 προύτρεπεν

95 3327 247 3399 ἕπεσθαί
268 3325 302 3394 οἱ
322 3326 409 3416 πρὸς
430 3324 489 3417 τὴν
511 3330 624 3398 πόλιν·
651 3327 839 3417 ἡγήσεσθαι
864 3327 926 3420 γάρ
949 3326 1047 3407 αὗτδς
1072 3330 1129 3395 καὶ

95 3429 245 3501 ἐλθόντα
258 3427 437 3521 ἐγγράφειν
449 3434 505 3498 καλ
518 3434 659 3521 φυλέτην
672 3432 882 3519 ποιήσεσθαι
895 3433 951 3498 καὶ
964 3435 1129 3520 φρατρίας
1258 3509 1261 3516 Ι

93 3534 303 3620 μεταδώσειν
325 3540 384 3624 τῆς
406 3529 521 3615 αὑτοῦ,
551 3529 597 3615 ὥς
618 3531 704 3619 μετὰ
726 3534 859 3602 πάντων
882 3530 1128 3623 εὐδαιμονοίην·

90 3633 189 3705 ’ἀλλ’
206 3633 269 3726 ἐγὼ
294 3633 332 3706 οά
360 3633 538 3725 πιθόμην”
567 3633 623 3704 ἐπ’
640 3633 754 3717 ἀνοίας
779 3640 835 3704 καλ
861 3638 1015 3726 νεότητος
1041 3637 1126 3719 τότε,

93 3738 165 3828 πρὸ
188 3742 421 3811 πεντεκαίδεκα
443 3737 558 3825 σχεδὸν
585 3738 681 3811 ἐτῶν·
707 3741 790 3820 ἰ’σως
811 3738 873 3829 γὰρ
896 3736 937 3808 ἀν
960 3736 1044 3809 αάτά
1066 3735 1127 3828 ἤδη

94 3838 189 3930 ἀμφὶ
205 3841 247 3910 τδι
264 3843 453 3934 προάστεια
470 3842 630 3932 καὶπρὸς
649 3856 724 3924 ταῖς
746 3843 870 3924 πύλαις
887 3833 925 3931 ἦν
949 3839 999 3911 ἀν.
1038 3840 1127 3929 ἐλεγέ

95 3939 129 4011 δ’
143 3933 201 4011 οὖν
218 3949 374 4037 περὶτῆς
390 3947 537 4029 πόλεως,
555 3946 589 4015 εἰ’
602 3971 639 4034 γε
655 3951 837 4035 μέμνημαι,
862 3942 946 4014 ἀλλα
963 3970 999 4014 τι
1017 3941 1127 4014 πολλὰ
1163 3982 1165 3987 ·

92 4043 211 4202 καίκδὴ
230 4050 285 4115 καὶ
305 4050 399 4135 τάδε,
427 4046 474 4131 ὥς
495 4048 761 4149 σύμπαντεςδμέν
784 4049 1020 4197 δπτζλυδῙεξμαλ
1041 4050 1127 4133 ξένοι
1256 4126 1263 4145 ι
