2752 4632
409 232 489 290 va
514 231 779 288 κιτιιιιονε
800 233 887 289 ι-ε.
1086 222 1167 291 ’229

126 342 299 433 -ήηιόνμείν
314 336 360 407 έν·
374 336 506 416 τούτοις
527 333 751 425 ὕπολήψεται,
778 340 833 405 καλ
854 343 959 407 ταῦτα
979 335 1059 427 παρ’
1076 336 1166 430 ἀλλην
1256 418 1263 424 ,

133 438 236 529 ούσης
252 447 311 530 τῆς
327 439 447 519 αἰτίας.
474 435 545 507 ὅδὲ
566 439 665 520 καλός
680 435 759 528 ἡμῖν
771 436 922 527 κάγαθὸς
934 440 1166 531 νεκροπομπὸς

133 540 250 633 όίσπερ
266 569 318 623 τις
335 539 435 622 ἀλλος
450 544 508 609 καὶ
525 539 625 622 αύτδς
640 539 679 608 τὸ
697 548 756 631 τῆς
773 539 842 610 ἀνω
858 545 980 632 Λήθης
995 540 1085 633 ὕδωρ
1103 571 1167 617 πε-

132 643 256 726 πωκὼς
272 641 480 734 ἀναστρέψαι
496 641 583 731 πρὸς
600 641 686 733 ἡμᾶς
699 642 924 733 ἐπιλέλησται,
943 647 1000 712 καὶ
1010 642 1086 735 ήτοι
1098 673 1169 716 πα·

132 751 221 833 λαίει
236 745 321 833 μετὰ
337 753 404 816 τεόν
421 745 553 836 έφήβων
570 742 593 835 ἢ
609 748 775 836 κιθαρίζει
792 744 814 837 ή
831 747 949 836 λόγους
965 745 1058 827 τινὰς
1079 750 1167 833 διεξ·

133 856 263 941 έρχεται
281 847 544 935 ἐπιδεικνύμενος
560 847 618 918 τὸν
635 851 733 939 λήρον
749 848 807 918 τὸν
824 847 935 933 αὑτοῦ,
958 847 980 940 ή
994 851 1081 934 τάχα
1097 877 1166 921 που

131 956 190 1023 καὶ
204 951 370 1020 κλωπεύει
387 948 406 1027 ό
422 952 579 1039 γεννάδας
595 951 800 1042 περιελλιύν·
828 957 889 1039 μία
910 950 972 1041 γὰρ
991 951 1094 1023 αότοό
1110 956 1174 1022 καὶ

133 1051 216 1146 αύτη
233 1061 300 1125 τῶν
315 1061 445 1139 τεχνῶν.
481 1051 551 1123 δ’δ’
566 1044 624 1123 ούν
646 1053 869 1145 ἐλευθεριάζει
884 1053 972 1143 πρὸς
988 1052 1088 1145 ἡμᾶς,
1110 1058 1168 1126 καί

121 1156 295 1241 ταύταέξ
308 1155 461 1248 ἡμισείας
477 1155 634 1247 ἡμέτερος
652 1152 707 1226 τόν.

184 1276 324 1332 ΚΔΩΘΩ.
361 1266 401 1329 Τί
415 1261 469 1345 δές
489 1257 595 1342 οἶδας,
613 1250 782 1347 ιόΧάρωι,
801 1259 895 1340 ε’ίτις
907 1257 1047 1346 ἀσχολία
1059 1283 1200 1350 προσ-κ

133 1368 252 1434 έπεσεν
273 1360 377 1452 αὐτῷ,
404 1369 464 1431 τού
481 1360 563 1443 Διὸς
581 1362 639 1432 έπλ
659 1365 761 1432 πλέον
778 1363 955 1452 δεηθέντος
976 1360 1169 1453 ἀποχρήσα-

133 1473 222 1537 σθαι
233 1463 320 1557 πρὸς
332 1462 455 1535 τάάνω
469 1465 648 1552 πράγματα
653 1493 665 1549 ;
683 1465 848 1554 δεσπότης
861 1466 898 1534 δέ
909 1461 1057 1546 κάκεῖνός
1068 1466 1167 1538 ἐστιν.

185 1583 272 1640 ΧΑΡ.
302 1563 382 1637 Ἀλλ’
402 1563 461 1650 ούχ
483 1562 583 1649 ὥστε,
611 1557 815 1650 ὦΚλωδοῑ,
840 1572 929 1654 πέρα
949 1575 1010 1636 τοῦ
1031 1574 1167 1659 μετρίου

114 1670 308 1752 δεσπόζειν
325 1675 437 1737 κοινοῦ
454 1669 633 1757 κτήματος,
657 1667 732 1737 ἐπεὶ
749 1666 826 1737 ούδέ
843 1667 938 1757 ἡμεῖς
953 1695 1038 1739 ποτε
1056 1668 1166 1754 αύτδν,

133 1768 272 1842 ἀπιέναι
293 1774 381 1852 δέον,
409 1770 659 1859 κατεσχήκαμεν.
696 1767 765 1838 ἀλλ’
780 1769 845 1859 ἐγὼ
866 1768 942 1840 οἶδα
962 1770 1020 1860 τήν
1042 1773 1167 1842 αἰτίαν·

133 1872 212 1966 παρ’
227 1872 304 1963 ήμῖν
320 1871 459 1962 μὲνγὰρ
477 1869 664 1961 ἀσφόδελος
680 1872 780 1958 μόνον
792 1875 848 1949 καὶ
864 1875 941 1956 χοαὶ
956 1878 1010 1941 καλ
1028 1875 1168 1944 πόπανα

132 1981 191 2045 καὶ
207 1976 422 2064 ἐναγίσματα,
440 1976 482 2043 τὰ
501 1973 532 2043 δ’
549 1974 639 2043 ἀλλα
650 1975 754 2064 ζόφος
770 1977 826 2042 καὶ
841 1973 957 2064 ὁμίχλη
969 1977 1026 2043 καὶ
1040 1979 1165 2059 σκότος,

133 2079 168 2149 έν
186 2080 223 2147 δέ
240 2086 288 2167 τῷ
307 2076 434 2168 ούρανηό
452 2077 580 2168 φαιδρὰ
597 2078 708 2147 πάντα
725 2079 779 2145 καὶ
793 2074 864 2166 ήτε
875 2074 1044 2168 ἀμβροσία
1059 2075 1167 2168 πολλή

117 2183 189 2250 ,καὶ
214 2179 253 2249 τὸ
280 2187 393 2269 νέκταρ
420 2178 588 2271 ἀφθονον·
624 2175 710 2250 άέστε
735 2206 796 2266 μοι
820 2175 913 2268 ήδιον
934 2177 1013 2267 παρ’
1034 2179 1169 2263 ἐκείνοις

133 2285 307 2373 βραδύνειν
326 2284 421 2352 έοικο.
456 2288 512 2352 καὶ
529 2279 608 2374 παρ’
624 2280 792 2372 ήμῶνμὲν
809 2280 989 2353 ἀνίπταται
1010 2284 1168 2375 καθάπερ

134 2385 171 2455 έκ
188 2388 413 2475 δεσμωτηρίου
435 2384 525 2467 τινὸς
547 2384 817 2474 ἀποδιδράσκων·
844 2385 980 2456 έπειδδιν
1001 2388 1037 2456 δέ
1053 2384 1169 2475 καιρὸς

133 2494 295 2571 κατιέναι,
314 2492 413 2579 σχολή
431 2493 487 2556 καὶ
502 2488 608 2577 βάδην
624 2489 723 2574 μόλις
739 2489 823 2556 ποτέ
838 2494 1038 2578 κατέρχεται.
1116 2534 1119 2541 ›

186 2606 298 2663 ΚΑΩΘ.
332 2597 457 2681 Μηκέτι
471 2592 665 2675 χαλέπαινε,
685 2581 857 2679 ιόΧάρων·
874 2589 1094 2680 πλησίονγάρ
1109 2588 1168 2659 αύ-
1185 2614 1203 2664 ο

133 2691 192 2775 τδς
209 2685 318 2778 οὗτος,
338 2690 384 2774 ὥς
402 2691 495 2784 δρᾷς,
514 2694 659 2774 πολλούς
675 2718 767 2773 τινας
779 2689 858 2781 ἡμῖν
870 2690 971 2781 ἀγων,
990 2696 1115 2778 μᾶλλον
1132 2696 1169 2763 δὲ

134 2793 250 2887 ὥσπερ
276 2823 311 2866 τι
337 2798 493 2866 αἰπόλιον
519 2794 668 2883 ἀθρόους
694 2792 814 2875 αύτούς
839 2801 880 2884 τῇ
906 2794 1020 2884 ῥάβδῳ
1049 2801 1167 2880 σοβῶν.

133 2896 221 2968 ἀλλὰ
241 2905 276 2967 τί
295 2907 412 2985 τοῦτος
438 2899 610 2985 δεδεμένον
630 2895 704 2966 τινα
727 2897 760 2967 έν
783 2894 897 2977 αάτοῑς
914 2900 972 2973 ,καὶ
995 2893 1094 2965 ἀλλον
1114 2923 1170 2985 γε-

133 3003 243 3070 λῶντα
262 2999 343 3092 όριῦ,
371 3002 427 3070 ένα
450 3003 487 3070 δέ
507 3029 581 3071 τινα
602 3004 658 3069 καὶ
675 3002 784 3092 πήραν
802 3000 978 3090 ἐξημμένον
999 3003 1055 3068 καὶ
1072 3002 1168 3083 ξύλον

134 3101 224 3194 ἀκτῇ
240 3106 326 3194 χειρὶ
341 3103 470 3188 έχοντα,
494 3103 593 3194 δριμὺ
610 3103 772 3190 ἐνορῶντα
788 3107 845 3171 καὶ
861 3102 938 3183 τοὺς
956 3100 1075 3185 ἀλλους
1093 3102 1170 3172 έπι-

133 3208 333 3277 σπεύδοντα.
376 3204 435 3291 ούχ
461 3203 543 3296 δρᾷς
568 3208 681 3274 δὲκαὶ
706 3205 763 3275 τὸν
785 3203 901 3295 Ἑρμῆν
927 3203 1026 3275 αάτδν
1053 3206 1169 3294 ἱδρῶτι

133 3309 290 3401 ῥεόμενον
306 3312 360 3376 καὶ
377 3307 426 3376 τιδ
444 3308 530 3377 πόδε
547 3315 748 3395 κεκονιμένον
765 3311 820 3375 καὶ
841 3316 1084 3390 πνεοστιιῦντας
1109 3333 1170 3392 με-

115 3410 215 3483 ·στὸν
230 3418 310 3500 γοῦν
325 3407 504 3498 ἀσθμαιος
520 3408 609 3499 αύτῷ
626 3409 666 3479 τὸ
684 3411 803 3496 στόμα.
830 3415 865 3477 τί
875 3416 995 3493 ταῦτα,
1015 3400 1168 3497 ιδἙρμής

11 3500 13 3555 λ
132 3519 186 3596 τίς
202 3511 223 3603 ή
242 3515 389 3602 σπονδή·
414 3519 652 3604 τεταραγμένος
667 3512 730 3602 γὰρ
747 3509 825 3600 ήμῖν
842 3511 963 3591 έοικας.
986 3578 993 3595 ‚

11 3626 13 3671 ἱ
121 3630 127 3637 ’
186 3632 274 3690 EPM.
313 3622 352 3686 Τί
369 3614 400 3685 δ’
416 3613 511 3700 ἀλλο,
532 3608 722 3698 άΚλωθοῑ,
740 3612 762 3703 ή
779 3616 909 3683 τουτονί
925 3612 982 3683 τόν
1000 3611 1173 3702 ἀλιτήριον

134 3716 329 3810 ἀποδράντα
345 3720 558 3807 μεταδιώκων
576 3716 687 3808 ὀλίγον
707 3721 775 3787 δεῖν
791 3718 956 3799 λιπόνεως
975 3713 1053 3802 ύμῖν
1070 3715 1170 3803 τήμε-

116 3848 194 3914 W
211 3823 381 3915 ἐγενόμαν

187 3942 300 3999 ΚΛΩΘ.
337 3934 394 4008 Τίς
411 3924 443 3995 δ’
459 3925 531 3998 έστὶ
546 3928 603 3996 καὶ
618 3932 654 3993 τί
667 3924 870 4013 βουλόμενος
887 3920 1126 4010 ἀπεδίδρασκες

112 4000 121 4054 ¹
187 4044 275 4101 RPM.
314 4034 411 4100 Τουτὶ
427 4032 486 4119 μέν
503 4032 683 4121 πρόδηλον,
711 4024 765 4099 ότι
783 4028 837 4118 ζήν
858 4030 982 4116 μᾶλλον
1005 4025 1166 4115 ἐβούλετο.
