2712 4628
249 240 314 307 336
636 255 890 311 ΛΟΥΚΙΑΝΟΥ

251 383 307 427 σοι
323 357 524 448 ποιήσαντας
545 356 583 428 τδ
604 364 716 444 μέλος,
742 359 850 440 οὐδεὶς
871 351 909 450 ήν
931 359 969 441 ὃς
991 356 1100 450 ἠγνόει
1122 346 1308 448 τούνομαι,Ι

254 460 418 546 Τιμόθεον
440 459 474 528 ἐκ
493 467 621 549 Θηβῶν·
649 459 717 529 ἄλλ’
731 462 815 530 ἔνθα
836 460 877 530 ὐν
898 467 954 531 καὶ
974 470 1030 531 νῦν
1052 470 1172 553 φανής,
1201 490 1290 532 συν·

249 568 388 630 θέουσιν
405 560 462 629 ἐπὶ
481 563 517 629 σέ
534 564 655 644 πάντες
674 560 788 655 ὥσπερ
811 563 868 634 έπὶ
889 564 947 655 τὴν
963 567 1088 660 γλαῦκα
1108 565 1151 633 τὰ
1170 563 1285 654 όρνεα.

248 659 338 732 ταῦτ’
352 663 424 732 ἐστὶ
446 661 487 733 δι’
502 660 590 755 ἅπερ
611 664 758 757 ηὐξάμην
780 665 920 758 αὐλητής
940 672 1098 757 γενέσθαι
1118 670 1176 736 καὶ
1194 666 1288 760 ὑπὲρ

250 758 296 834 ὦν
317 768 490 856 πεπόνηκα
509 767 568 836 τὸν
588 770 691 837 πόνον
711 770 769 838 τὸν
790 770 910 839 πολόν·
924 769 1012 838 έπελ
1037 771 1139 859 τόγε
1168 769 1288 840 αὐλεῖν

250 866 331 938 αὐτὸ
358 865 434 938 ὐνευ
459 877 519 938 τοῦ
544 870 675 954 ἔνδοξος
701 869 786 941 εἶναι
811 870 853 940 δι’
869 869 950 941 αὐτὸ
978 870 1098 943 αὐτόν
1120 876 1287 963 δεξαίμην

249 968 406 1060 ἀγνώστῳ
423 997 481 1057 μοι
495 975 762 1065 προσγενόμενον,
783 971 855 1043 οὐδ’
865 974 897 1041 εί
909 975 1067 1062 Μαρσύας
1080 972 1286 1064 ήλλλυμπος

246 1074 447 1163 γενήσεσθαι
464 1079 617 1162 μέλλοιμι
634 1077 823 1145 λανθάνων·
840 1074 936 1144 οὐδὲν
952 1075 1014 1163 γὰρ
1028 1075 1151 1163 ὐφελος
1169 1075 1285 1166 όπορ-

247 1177 356 1265 ρήτου,
376 1180 470 1266 φασὶ,
490 1181 545 1245 καλ
563 1176 711 1268 ἀφανοῦς
727 1186 786 1266 τῆς
802 1185 969 1267 μουσικῆς.
1003 1175 1090 1246 αἰλλδι
1108 1177 1181 1261 σύ,”
1202 1180 1281 1270 ἔφη,

243 1275 323 1347 “nal
342 1285 448 1347 ταῦτα
468 1282 650 1349 παίδευσόν
671 1307 726 1365 με,
755 1278 849 1361 ὅπως
865 1306 924 1365 μοι
942 1287 1101 1370 χρηστέον
1117 1277 1283 1370 κάμαυτῷ

245 1383 301 1447 καλ
318 1388 358 1470 τῇ
375 1386 481 1470 τέχνη,
504 1389 632 1450 καίτοι
651 1381 760 1470 διττὴν
782 1382 916 1468 νίσομαι
936 1382 995 1470 τήν
1015 1383 1119 1471 χάριν,
1142 1386 1199 1451 καὶ
1217 1382 1281 1453 ἐπὶ

212 1505 228 1556 2
245 1489 285 1573 τῇ
304 1481 440 1570 αὐλήσει
457 1487 525 1564 καὶ,
544 1483 583 1552 τὸ
601 1489 763 1572 μέγιστον,
788 1484 846 1553 ἐπὶ
862 1492 902 1574 τῇ
922 1486 999 1573 δόξη
1019 1482 1149 1573 αὐτῆς.”
1187 1483 1280 1554 ὐπο-

244 1591 388 1672 κρίνεται
407 1575 463 1652 οὐν
481 1582 570 1674 αὐτῷ
589 1584 607 1653 ὅ
629 1587 807 1671 Τιμόθεος,
823 1583 928 1667 αἀλλ’,
950 1579 1177 1676 ιύΆρμονίδη,
1200 1587 1280 1678 έρᾷς

244 1684 333 1771 μὲν,”
357 1686 435 1775 ἔφη,
455 1678 516 1755 (ςεύ
534 1689 625 1770 ἴσθι,
649 1686 687 1756 οὐ
705 1696 822 1775 μικροῦ
840 1689 1042 1777 πράγματος,
1063 1688 1202 1758 ἐπαίνου
1221 1694 1277 1758 καί

247 1789 344 1876 δόξης
370 1791 508 1858 καὶτοῦ
535 1788 697 1878 ἐπίσημος
723 1789 808 1858 εἶναι
836 1792 892 1858 καὶ
917 1791 1163 1878 γιγνώσκεσθαι
1189 1792 1277 1881 πρὸς

244 1896 310 1959 τῶν
326 1893 468 1972 πολλῶν,
491 1898 589 1959 τοῦτο
612 1893 648 1960 δὲ
670 1894 701 1960 εί
721 1894 780 1979 μέν
802 1890 927 1961 οὑτωσί
948 1918 1021 1972 πως
1040 1892 1073 1973 ἒς
1089 1892 1132 1962 τδι
1155 1896 1274 1984 πλήθη

235 1990 375 2083 1νταριὼν
397 1993 658 2077 ἐπιδεικνύμενος
681 1994 813 2074 ἐθέλοις
838 1996 1053 2081 πορίζεσθαι,
1080 1993 1206 2085 μακρὸν
1232 1993 1274 2066 όν

243 2100 384 2184 γένοιτο,
411 2098 467 2163 καλ
484 2092 561 2163 οὐδὲ
584 2093 689 2176 οὐτως
711 2092 856 2177 ἅπαντες
877 2098 1023 2165 εἴσονταί
1045 2118 1098 2167 σε·
1125 2105 1189 2165 ποῦ
1205 2097 1268 2186 γὰρ

130 2238 133 2244 ·
245 2194 284 2265 όν
302 2195 453 2287 εὑρεθείη
471 2194 493 2284 ή
510 2204 655 2286 θέατρον
671 2195 694 2288 ή
712 2200 846 2267 στάδιον
864 2195 950 2266 οὐτω
967 2205 1052 2288 μέγα
1069 2199 1103 2268 ἐν
1121 2191 1149 2285 ᾦ
1167 2206 1269 2269 πᾶσιν

244 2297 397 2389 αὐλήσεις
413 2296 660 2387 τοῖςἝλλησινς
679 2298 724 2381 ὥς
742 2302 778 2368 δὲ
796 2302 941 2388 ποιήσας
957 2300 1137 2390 γνωσθήσῃ
1158 2300 1271 2383 αὐτοῖς

242 2402 298 2469 καὶ
316 2401 373 2469 ἐπὶ
390 2404 429 2470 τὸ
451 2401 681 2492 πέραςιύφίξη
702 2410 760 2491 τῆς
782 2401 890 2492 εὐχῆς,
914 2403 976 2491 ἐγώ
998 2406 1054 2470 καὶ
1074 2401 1171 2471 τοῦθ’
1186 2402 1272 2473 ὐπο-

241 2503 397 2593 θήσομαί
421 2523 491 2572 σοι·
522 2504 563 2572 σύ
589 2504 651 2596 γὰρ
678 2501 772 2573 αὐλει
796 2507 855 2590 μὲν
880 2509 935 2572 καὶ
962 2504 1051 2594 πρὸς
1073 2502 1117 2572 τὰ
1142 2511 1272 2591 θέατρα

242 2604 361 2688 ἐνίοτε,
385 2603 470 2695 αὐτὰρ
488 2603 598 2694 ὀλίγον
617 2610 742 2693 μελετω
761 2632 816 2675 σοι
837 2613 903 2676 τῶν
924 2610 1069 2676 πολλῶν.
1103 2603 1124 2694 ή
1149 2605 1182 2675 δ’
1197 2607 1272 2676 έπέ-

241 2733 343 2793 τομος
359 2711 415 2776 καὶ
432 2711 537 2798 ῥᾷστα
555 2708 612 2777 ἐπὶ
628 2708 686 2799 τήν
704 2709 802 2791 δόξαν
820 2705 946 2797 ἄγουσα
962 2705 1023 2798 ήδε
1040 2708 1142 2777 ἐστίν·
1165 2710 1196 2777 εί
1206 2709 1270 2799 γὰρ

243 2808 475 2895 ἐπιλεξάμενος
496 2817 562 2878 τῶν
585 2810 618 2879 ἓν
638 2818 678 2901 τῇ
697 2808 827 2880 Ἐλλάδι
847 2811 924 2892 τοὺς
945 2809 1103 2900 όρίστους
1121 2814 1175 2877 καὶ
1197 2809 1266 2877 όλί·
1322 2848 1323 2853 1

241 2935 319 2995 γους
336 2909 444 2979 αὐτῶν
462 2908 538 2980 όσοι
554 2925 733 3002 κορυφαῖοι
749 2917 805 2980 καὶ
821 2911 1059 3003 ἀναμφιλόγως
1075 2915 1265 2996 θαυμαστοὶ
1322 2926 1323 2929 ’

241 3015 297 3078 καὶ
315 3009 366 3080 ἐπ’
382 3008 556 3102 ἀμφότερα
573 3018 704 3096 πιστοὶ,
732 3015 763 3082 ελ
783 3015 927 3097 τούτοις,
941 3018 1055 3104 φημὶ,
1084 3014 1267 3097 ἐπιδείξαιο

240 3108 285 3183 τδι
301 3112 471 3211 αὐλήματα
488 3117 544 3183 καὶ
562 3106 654 3184 οὗτοι
671 3114 902 3185 ἐπαινέσονταί
922 3143 974 3199 σε,
998 3113 1126 3186 ἅπασιν
1136 3112 1265 3203 Ἕλλησι

240 3217 352 3303 νόμιζε
369 3212 432 3306 ήδη
449 3224 647 3307 γεγενῆσθαι
663 3219 826 3310 γνώριμος
844 3220 877 3287 έν
895 3215 982 3288 σύτω
999 3226 1124 3307 βραχεῖ.
1158 3213 1261 3284 καὶτὸ
1322 3228 1323 3235 ’

240 3425 295 3489 καί
313 3422 371 3502 οὐς
389 3424 629 3509 θαυμάζουσιν,
652 3415 745 3492 οὗτοι
768 3425 804 3492 δὲ
827 3425 972 3492 εἴσονταί
994 3448 1031 3492 σε
1053 3418 1194 3512 αὐλητήν
1215 3416 1267 3488 εὐ-

241 3523 376 3608 δόκιμον
393 3521 482 3608 όντα,
500 3532 535 3593 τί
552 3550 606 3594 σοι
623 3527 676 3593 δεῖ
690 3532 756 3594 τῶν
773 3529 915 3608 πολλῶν,
935 3526 972 3594 οἵ
984 3551 1022 3614 γε
1038 3525 1173 3604 πάντως
1188 3520 1267 3589 ὐκο-

240 3626 446 3714 λουθήσουσι
467 3640 538 3708 τοῖς
560 3624 692 3713 όλμεινον
713 3640 820 3719 κρῖναι
846 3629 1054 3713 δυναμίναιςς
1080 3624 1098 3694 δ
1123 3625 1184 3714 γάρ
1210 3648 1267 3692 τοι

240 3726 345 3809 πολὺς
367 3720 463 3811 οὗτος
484 3728 580 3812 λεὼς,
609 3728 703 3800 αὐτοὶ
723 3732 783 3816 μὲν
805 3728 960 3819 ὐγνοοόσι
979 3728 1023 3798 τὰ
1043 3731 1176 3816 βελτίω,
1202 3725 1267 3812 βά-

240 3855 357 3900 ναυσοι
374 3827 465 3914 όντες
478 3831 512 3900 οἱ
523 3835 645 3901 πολλοὶ
658 3830 774 3915 αὐτῶν,
793 3829 904 3902 ὅντινα
920 3830 954 3902 δ’
966 3829 1006 3902 ἂν
1019 3833 1054 3900 ολ
1066 3824 1265 3919 προύχοιτες
1322 3860 1323 3903 3

242 3930 456 4029 ἐπαινέσωσι,
475 3936 671 4005 πιστεύουσι
686 3934 732 4025 μή
751 3933 791 4004 δν
809 3934 937 4023 ἀλόγως
953 3934 1173 4021 ἐπαινεθῆναι
1189 3935 1266 3998 τοῦ·

240 4056 312 4102 τον·
335 4033 421 4106 ὥστε
444 4037 672 4108 ἐπαινέσονται
692 4042 748 4108 καί
771 4036 876 4108 αὐτοί.
915 4035 1053 4126 καὶγὰρ
1076 4026 1134 4104 οὐν
1154 4034 1209 4100 καὶ
1229 4029 1264 4100 ἕν
