2740 4648
382 217 448 272 xx
474 218 736 275 εεοιουωιοε
756 219 876 277 ιε-ιι.
1076 207 1146 279 305
1353 54 1357 295 δ

5 302 6 347 ³
114 326 172 394 καὶ
190 319 248 391 οὐκ
270 318 310 392 ἀν
331 323 550 409 πιστεύσαιμι
572 320 700 405 αὐτοῖς,
728 319 792 393 ἐστ’
811 321 850 392 ἀν
872 326 928 393 καὶ
948 331 1027 410 μιᾶς
1045 323 1146 411 ἀπεί-
1355 312 1357 331 ³

5 430 7 485 ἶ
115 451 213 517 ρατοι
231 416 315 493 ὥστ’
331 425 416 509 τάχα
432 425 493 513 γὰρ
513 423 552 494 ἀν
569 423 589 515 ἡ
609 423 725 517 ἀρίστη
744 424 845 514 ἐκείνη
868 427 930 515 ε’ίη.
966 426 1004 495 οὗ
1022 428 1083 516 γὰρ
1102 424 1145 495 ἀν
1355 336 1358 547 Ι

5 598 6 605 ,
117 530 218 608 εἴτις
235 529 531 616 παραστησάμενος
546 527 645 597 καλὸν
663 525 844 615 ἀνθρωπον
861 533 950 617 λέγοι
967 537 1082 598 τοῦτον
1096 527 1145 598 εῖ-

5 628 7 635 έ
116 657 174 700 ναι
194 630 369 699 κάλλιστον
391 627 581 720 ἀνθρώπων
599 629 762 714 ἀπάντων,
785 632 1021 716 πιστεύσαιμεν
1041 629 1142 720 αὐτῷ,

118 729 158 822 ἢν
182 730 227 822 μὴ
256 732 393 817 εἰδῶμεν
419 728 472 801 ότι
501 734 629 814 πάντας
659 731 863 820 ἀνθρώπους
886 733 1032 821 ἑόρακεν·
1062 733 1144 817 ἴσως
1358 730 1359 739 ’

117 837 178 921 μέν
201 833 264 922 γὰρ
290 837 346 902 καλ
368 825 464 915 οὗτος
484 834 595 919 καλὸς,
625 836 655 903 εἰ
682 837 717 904 δὲ
738 836 871 904 πάντων
892 836 1064 916 κάλλιστος
1087 832 1145 905 οάκ

119 933 159 1005 ἀν
173 936 241 1021 ’έχοι
255 937 375 1004 εἰδέναι
386 934 430 1025 μὴ
446 934 524 1005 ἰδὼν
538 933 696 1018 ἅπαντας.
721 934 815 1027 ἡμεῖς
829 939 865 1006 δέ
878 935 936 1007 οὐκ
953 935 1032 1005 αότδ
1044 937 1145 1024 μόνον

116 1042 233 1120 καλοῦ,
261 1035 344 1104 ἀλλὰ
368 1045 428 1106 τοῦ
453 1042 626 1107 καλλίστου
649 1040 810 1124 δεόμεθα,
836 1043 892 1106 καὶ
916 1036 955 1128 ἢν
979 1038 1025 1129 μὴ
1046 1046 1145 1107 τοῦτο

119 1137 274 1228 εὕρωμεν,
294 1136 386 1207 οὐδὲν
399 1138 476 1229 ἡμῖν
488 1145 588 1210 πλέον
597 1147 794 1230 πεπρᾶχθαι
808 1138 1016 1230 ἡγησόμεθα·
1036 1137 1073 1209 οὗ
1082 1139 1144 1230 γάρ

118 1240 333 1330 ἀγαπήσομεν
347 1239 581 1331 ὁποιῳδήποτε
597 1247 685 1331 καλῷ
700 1242 890 1327 ἐντυχόντες,
910 1241 977 1310 ἀλλ’
990 1242 1092 1311 έκεῖνο
1105 1240 1144 1311 τὸ
1193 1234 1206 1251 ’

119 1341 301 1435 ἀκρότατον
318 1344 472 1432 ζητοῦμεν
489 1346 615 1427 κάλλος,
635 1341 719 1432 ὅπερ
737 1341 856 1434 ἀνάγκη
876 1347 909 1414 ἐν
927 1342 1019 1414 εἶναι.

172 1462 258 1518 εεοι.
289 1443 420 1534 Ἀληθῆ.
1161 1468 1195 1519 ιι

174 1563 256 1618 ΛΥΚ,
299 1554 337 1614 Ti
354 1539 426 1626 οάνς
448 1547 531 1631 ἐχεις
547 1554 607 1637 μοί
622 1575 696 1617 τινα
713 1549 818 1618 εἰπεῖν
836 1546 969 1638 ἀπάσης
988 1547 1067 1618 ὁδοῦ
1084 1576 1146 1618 πε-

122 1654 319 1738 πειραμένον
337 1648 369 1716 ἐν
387 1653 585 1741 φιλοσοφίᾳ,
614 1654 669 1718 καὶ
687 1650 724 1730 ὃς
740 1652 782 1718 τά
800 1676 836 1718 τε
857 1648 924 1719 όπδ
942 1653 1143 1740 Πυθαγόρου

120 1755 178 1821 καὶ
193 1752 369 1833 Πλάτωνος
384 1756 440 1819 καὶ
449 1750 688 1841 Ἀριστοτέλους
705 1755 760 1820 καὶ
771 1758 972 1837 Χρυσίππου
990 1758 1044 1821 καὶ
1055 1751 1146 1822 'Em⁴

121 1856 241 1946 κοόρου
267 1858 413 1923 καὶτῶν
439 1850 546 1921 ἀλλων
572 1855 729 1942 λεγόμενα
758 1853 855 1933 εἰδώς
884 1858 1041 1922 τελευτῶν
1066 1861 1146 1941 μίαν

123 1958 228 2029 εἵλετο
251 1957 288 2040 ἐξ
308 1954 447 2026 ἀπασῶν
470 1954 555 2025 δδιῦν
578 1954 687 2045 ἀληθῆ
709 1982 745 2024 τε
768 1957 948 2041 δοκιμάσας
969 1960 1024 2022 καὶ
1045 1962 1146 2045 πεέρρι

120 2059 244 2148 μαθών
263 2057 308 2140 ιδς
324 2060 407 2148 μόνη
426 2055 498 2147 ἀγει
515 2055 599 2126 εὐθὺ
617 2066 675 2147 τῆς
693 2056 919 2144 εόδαιμονίας;
942 2058 972 2125 εἰ
993 2058 1054 2148 γάρ
1072 2084 1146 2125 τινα
1260 2118 1264 2123 .
1363 2112 1364 2115 ¹

122 2171 273 2233 τοιοῦτον
290 2158 447 2250 εόροιμεν,
467 2161 672 2246 παυσόμεθα
688 2162 867 2250 πράγματα
886 2159 1020 2243 ἔχοντες.

173 2281 260 2339 EPM.
297 2261 339 2334 Οὔ
359 2264 481 2352 ῥᾴδιον,
502 2255 530 2330 τό
547 2275 674 2346 Λυκῖνε,
693 2272 842 2332 τοιοῦτον
861 2260 964 2350 ἀνδρα
982 2259 1095 2353 εόρεῖν.

124 2442 127 2447 Δ
174 2383 258 2439 ΛΥΚ.
300 2371 338 2434 Τί
360 2365 399 2455 δὴ
419 2357 473 2434 οὖν
495 2367 675 2455 πράξομεν,
703 2358 935 2455 ιόἙρμότιμε,
959 2406 1001 2416 -
1023 2363 1060 2432 οὗ
1081 2362 1145 2454 γάρ
1163 2385 1196 2432 47

123 2469 375 2560 ἀπαγορευτέον,
400 2465 495 2553 οἶμαι
512 2506 553 2517 -
572 2467 646 2535 ἐπεὶ
662 2467 800 2556 μηδενὸς
816 2465 973 2556 ἡγεμόνος
993 2469 1145 2535 τοιούτου

124 2573 160 2653 ἐς
176 2597 212 2658 γε
228 2570 266 2638 τὸ
284 2568 392 2660 παρὸν
409 2566 620 2658 εάποροῦμεν.
653 2561 717 2660 ἀρα
734 2570 811 2637 τόδε
829 2571 961 2637 πάντων
974 2570 1147 2657 κράτιστόν

7 2696 9 2699 ’
126 2674 199 2742 ἐστι
224 2677 280 2742 καὶ
305 2670 567 2762 ἀσφαλέστατον,
597 2667 696 2747 αάτδν
724 2671 857 2739 ἕκαστον
886 2670 1064 2759 ἀρξάμενον
1088 2669 1147 2736 διὰ

124 2775 237 2864 πάσης
253 2780 479 2866 προαιρέσεως
492 2780 641 2862 χωρῆσαι
656 2776 712 2843 καλ
730 2772 982 2860 ἐπισκέψασθαι
1004 2769 1147 2862 ἀκριβῶς

124 2875 169 2947 τά
185 2875 253 2947 ἀπὸ
271 2880 405 2949 πάντων
422 2878 596 2966 λεγόμενα,·

176 2996 262 3050 ΕΡΜ.
290 2977 412 3049 Ἔοικεν
435 2978 504 3049 ἀπό
526 3006 563 3068 γε
583 2979 722 3048 τούτων·
748 2977 834 3068 πλὴν
860 2977 961 3046 ἐκεῖνο
986 2976 1031 3066 μὴ
1059 2976 1148 3045 ἐναν-

124 3086 198 3150 τίον
214 3071 245 3170 ᾖ,
264 3078 283 3147 δ
300 3090 405 3171 μικρῷ
422 3082 573 3169 πρόσθεν
590 3081 709 3169 ἐλεγες,
730 3079 774 3162 ὥς
793 3082 829 3150 οὐ
849 3078 970 3170 ῥᾴδιον,
991 3081 1148 3148 ἐπιδόντα

126 3181 243 3251 ἑαυτὸν
268 3184 324 3248 καὶ
353 3183 544 3249 πετάσαντα
572 3183 629 3271 τὴν
657 3181 780 3272 ὀθόνην
807 3181 1004 3269 ἀναδραμεῖν
1035 3173 1147 3260 αὖθις.

126 3291 202 3366 πῶς
219 3282 281 3372 γάρ
300 3278 371 3350 οἷόν
387 3308 424 3350 τε
441 3284 552 3362 πάσας
570 3282 724 3352 ἐπελθεῖν
736 3283 795 3363 τάς
810 3281 907 3362 δδοδς
921 3286 954 3352 έν
967 3290 1007 3371 τῇ
1021 3283 1147 3371 πρώτη,

127 3384 175 3468 ὥς
193 3384 267 3477 φῂς,
287 3370 618 3473 κατάσχεθησομένηις

178 3503 263 3560 ΛΥΚ.
298 3484 378 3573 Ἐγιά
401 3511 455 3554 σοι
473 3486 607 3575 φράσω·
634 3483 672 3554 τδ
694 3493 753 3555 τοῦ
774 3491 904 3575 Θησέως
926 3484 1026 3553 ἐκεῖνο
1048 3510 1149 3571 μιμη-

128 3591 277 3676 σόμεθα,
305 3593 362 3656 καί
381 3616 415 3657 τι
436 3592 522 3657 λίνον
543 3586 637 3679 παρὰ
658 3595 716 3677 τῆς
736 3594 888 3678 τραγικῆς
902 3586 1069 3676 Ἀριάδνης
1090 3589 1150 3652 λα-

127 3694 242 3780 βόντες
272 3692 396 3778 εἴσιμεν
427 3689 460 3771 ἐς
489 3689 546 3759 τὸν
576 3691 776 3781 λαβύρινθον
807 3689 954 3771 ἕκαστον,
992 3686 1037 3769 ὡς
1067 3688 1149 3770 ἔχειν

128 3791 352 3880 ἀπραγμόνως
367 3794 568 3880 μηρυόμενοι
585 3791 665 3863 αὐτὸ
685 3793 813 3876 ἐξιέναι.

181 3911 267 3966 ΕΡΜ,
304 3902 358 3978 Τίς
380 3888 437 3965 οὖν
463 3892 502 3963 ἀν
528 3893 605 3985 ἡμῖν
623 3893 771 3987 Ἀριάδνη
793 3891 907 3984 γένοιτ’
928 3890 968 3962 ἀν
991 3894 1012 3983 ἐζ
1040 3895 1150 3963 πόθεν

130 4003 189 4066 τοῦ
208 3999 296 4065 λίνου
316 3997 557 4089 εάπορήηομενς

182 4100 276 4144 λιιιίοιιὶ
288 4100 330 4144 vol.
339 4100 356 4144 1.
792 4070 806 4111 ⁸
947 4099 983 4157 20
