2752 4632
217 260 289 328 238
610 270 867 327 ΛΟΥΚΙΑΝΟΥ

222 375 317 459 ὅπως
333 376 583 460 καταπαόσαιμι
599 372 657 443 τδν
668 378 807 464 γέλωτα,
828 377 884 443 καὶ
895 372 1042 462 μάλιστα
1053 378 1257 463 μεμνημένος

223 478 269 563 ῶς
291 478 396 570 ῶχρδς
418 477 471 547 άελ
491 481 548 547 καὶ
573 475 738 570 αὐχμηρὸς
758 470 811 569 ἦν,
843 478 1079 569 φροντίδοςτὸ
1099 485 1257 566 μέτωπον

223 582 398 663 άνάπλεως
418 586 474 650 καὶ
493 582 610 669 μόνοις
629 596 702 664 τοῖς
724 583 896 663 δακτύλοις
921 585 1089 664 πλουτῶν,
1119 580 1171 663 οἷς
1196 582 1257 651 τό·

221 688 325 761 λαυτα
341 688 398 754 καὶ
413 686 579 776 μυριάδας
597 685 773 774 ἐλογίζετο,
799 683 884 754 κατά
900 682 1017 775 μικρὸν
1034 687 1197 772 συλλέγων
1212 683 1257 752 τά

221 786 291 876 μετ’
307 787 416 877 ὀλίγον
435 787 680 878 ἐκχυθησόμενα
692 787 778 878 πρὸς
790 795 849 857 τοῦ
861 794 1024 878 μακαρίου
1034 785 1257 874 Ῥοδοχάρους.

223 889 308 962 δλλδι
327 897 362 959 τί
383 888 443 959 οάκ
459 887 679 980 ἀπερχόμεθα
697 889 775 980 ἤδη·
799 892 858 961 καὶ
876 889 999 977 μεταξὺ
1016 888 1078 980 γάρ
1100 894 1259 971 πλέοντες

222 1022 267 1063 τα
249 991 388 1063 λοιπὰ
404 994 618 1082 γελασόμεθα
636 993 837 1080 οἰμώζοντας
855 990 1009 1119 αὖτοὺς(
989 999 1142 1080 ορῶνεες.

274 1114 386 1169 ΚΔΩΘ.
420 1092 636 1184 ’,(’Ἑμβαινε
619 1123 675 1167 ινα
693 1094 787 1163 ταδ’
767 1096 965 1203 ανιμήσηται
986 1123 1004 1165 ο
992 1093 1199 1184 ςπορθμεὺς
1216 1093 1258 1163 τὸ

224 1197 387 1290 ἆγκόριον.
1058 1248 1062 1255 -

174 1326 206 1376 18
275 1319 360 1375 ΧΑΡ.
398 1293 512 1384 Οὗτος,
531 1315 596 1369 ποῖ
612 1308 712 1393 φέρῃς
730 1296 972 1390 πλήρεςήδη
939 1328 978 1368 το
992 1294 1135 1391 σκάφος·
1154 1298 1259 1370 αότοδ

224 1393 379 1496 περίμενε
397 1404 445 1484 εἷς
463 1401 593 1493 αόριον·
621 1404 728 1472 ἕωθέν
746 1428 783 1472 σε
801 1404 1126 1492 διαπορθμεύσομεν.

275 1523 355 1578 ΜΙΚ.
392 1504 539 1588 Ἀδικεῖς,
568 1498 747 1597 ῶΧάριον,
777 1506 878 1575 ἕωλον
894 1505 957 1596 ήδη
979 1506 1090 1596 νεκρὸν
1111 1504 1262 1592 υἰπολιμ·Δ

223 1610 354 1679 πάνων
381 1607 495 1695 άμόλει
515 1611 691 1699 γράψομαί
712 1634 750 1677 σε
772 1611 974 1698 παρανόμων
992 1609 1049 1678 ἐπὶ
1070 1635 1129 1679 του
1114 1607 1260 1678 Ῥαδα-

223 1714 411 1816 μάνθυος.
419 1712 463 1796 δή
464 1737 510 1780 ιοι
527 1719 593 1779 τῶν
610 1719 731 1780 κακῶν
748 1708 810 1801 ήδη
828 1716 1000 1785 πλέουσιν
1019 1711 1139 1799 έγῶδὲ
1155 1713 1261 1798 μόνος

226 1813 373 1893 ἐνταῦθα
397 1790 686 1902 περιλελείψομαι.
720 1821 831 1882 καίτοι
850 1821 885 1884 τί
906 1813 944 1883 οό
969 1817 1165 1941 διανήχομαι
1186 1840 1246 1881 κατ

226 1915 361 1998 αὐτοόςς
396 1914 434 1984 06
457 1915 518 2005 γὰρ
546 1919 641 1986 δέδια
665 1915 711 2041 μή
739 1916 970 2043 ἀπαγορεύσας
991 1916 1168 2005 ἀποπνιγῶ
1194 1914 1261 2006 ήδη

225 2020 386 2102 τεθνεῶς·
405 2015 512 2102 άλλως
527 2046 564 2088 τε
583 2017 660 2088 οὐδὲ
677 2019 734 2089 τὸν
752 2017 907 2106 ὀβολὸν”
889 2047 950 2105 εχω
968 2046 1016 2110 την
1000 2027 1185 2111 πορθμεῖ
1199 2046 1261 2088 κα·
1370 2112 1371 2119 ¹

224 2127 391 2211 ταβαλεῖν.

230 2242 388 2297 Ι,ΚΔΩΘ
426 2231 465 2295 Τί
485 2232 599 2305 τοῦτος
625 2232 827 2313 περίμεινον,
857 2253 884 2294 ω
870 2217 1059 2296 Μίκυλλε
1091 2223 1130 2295 οὗ
1156 2230 1261 2314 θέμις

227 2325 314 2397 σάτον
333 2353 371 2397 σε
389 2329 546 2396 διελθεῖν.

277 2447 358 2503 MIK
396 2434 462 2500 Καὶ
478 2429 541 2521 μήν
559 2431 642 2511 ἴσως
658 2427 750 2517 δμῶν
766 2458 823 2500 και
811 2431 1171 2522 προκαταχθήσομαι.

236 2542 239 2551 '
274 2550 387 2606 ΚΔΩΘ.
430 2535 613 2621 Μηδαμῶς,
642 2524 726 2602 ἀλλὰ
750 2536 1017 2623 προσελάσαντες
1043 2533 1260 2622 ἀναλάβωμεν

227 2631 341 2718 αὐτὸν,
360 2640 416 2704 καὶ
434 2635 488 2719 σὺ,
509 2628 662 2724 ῶἙρμή,
684 2639 948 2707 συνανάσπασον.

177 2759 208 2810 19
277 2756 363 2810 XAP.
397 2746 468 2808 Ποῦ
481 2745 536 2807 νῦν
547 2740 759 2823 καθεδεῖται,·
775 2738 881 2825 μεστά
893 2739 957 2829 γὰρ
968 2741 1088 2823 πάντα,
1108 2736 1153 2821 ῶς
1163 2737 1260 2830 δρᾷς.

277 2856 364 2912 ΕΡΜ
395 2839 469 2910 Ἐπὶ
484 2839 563 2922 τοὺς
580 2838 704 2926 ῶμους,
724 2843 755 2910 εἰ
773 2845 875 2925 δοκεῖ,
894 2850 952 2910 τοῦ
969 2844 1138 2932 τυράννου.

278 2958 389 3013 ΚΛΩΘ.
424 2946 543 3024 Καλῶς
561 2941 579 3011 ὁ
594 2941 711 3034 Ἑρμῆς
729 2944 904 3034 ένενόησεν.

277 3058 363 3115 ΧΑΡ.
394 3042 562 3132 Άνάβαινε
579 3039 636 3115 οὖν
653 3051 708 3114 καὶ
725 3045 782 3116 τὸν
794 3054 926 3117 τένοντα
943 3054 1002 3116 τοῦ
1016 3045 1184 3138 ἀλιτηρίου
1200 3072 1262 3116 κα-

226 3148 385 3219 ταπάτει·
406 3145 502 3236 ἡμεῖς
520 3149 555 3217 δδ
573 3146 781 3234 εόπλοῶμεν.

278 3266 364 3322 m.
393 3239 572 3338 ἷΩΧάραν,
591 3255 699 3332 καλῶς
713 3252 779 3337 ἔχει
791 3278 846 3320 σοι
858 3251 918 3334 τάς
932 3251 1094 3342 άληθείας
1106 3252 1262 3323 ἐντεῦθεν

227 3353 343 3423 εἰπεῖν.
372 3351 435 3442 δγιδ
452 3352 510 3422 τὸν
528 3352 646 3441 ὀβολὸν
662 3356 721 3440 μὲν
740 3353 797 3425 οὐκ
813 3352 854 3425 άν
872 3357 980 3442 έχοιμι
998 3358 1112 3424 δοῦναί
1129 3380 1184 3424 σοι
1200 3382 1262 3425 κα-

226 3456 429 3537 ταπλεύσας·
459 3460 561 3525 πλέον
582 3454 644 3549 γάρ
668 3454 762 3526 οόδέν
784 3457 856 3527 ἐστι
876 3465 934 3548 τῆς
956 3461 1078 3550 πήρας,
1106 3458 1145 3548 ἣν
1167 3457 1260 3549 δρᾷς,

178 3588 182 3595 ·
225 3563 282 3627 καὶ
297 3562 433 3628 τουτουὶ
443 3565 503 3628 τοῦ
518 3561 630 3643 ξύλου·
647 3557 751 3628 τάλλα
770 3562 806 3629 δὲ
823 3558 862 3652 ἢν
879 3559 1006 3632 ἀντλεῖν
1024 3561 1151 3652 δθέλης,
1172 3562 1265 3630 ένοι-

225 3687 289 3747 μος
305 3666 363 3731 καλ
376 3663 582 3749 πρόσκωπος
599 3660 699 3733 εἶναι·
715 3669 833 3756 μέμψῃ
853 3667 890 3734 δὲ
903 3662 1006 3750 οόδδν,
1024 3662 1065 3756 ἢν
1078 3660 1189 3755 εὐήρις
1204 3668 1263 3734 καλ

225 3765 382 3854 καρτερόν
398 3791 459 3851 μοι
476 3764 611 3853 έρενμδν
628 3769 694 3858 δηις
710 3768 820 3854 μόνον.

228 3883 363 3940 XAP.
390 3864 533 3957 Ἔρεττε
559 3873 616 3939 καὶ
630 3875 724 3940 τουτὶ
739 3869 802 3962 γάρ
821 3871 929 3942 ἱκανὸν
945 3870 1040 3963 παρὰ
1058 3896 1117 3941 σου
1102 3874 1263 3959 λαβεῖν.

277 3986 363 4042 m.
393 3961 435 4040 Η
449 3976 504 4041 καὶ
520 3970 741 4044 ὑποκελεῦσαι
758 3976 885 4065 δεήσεις

276 4086 362 4144 XAP.
395 4072 463 4164 Νη
459 4073 572 4160 -st'At’
549 4103 652 4168 ῃνπερ
670 4079 760 4169 εἰδῇς
777 4077 940 4166 κέλευσμά
955 4106 989 4148 τι
1005 4082 1072 4148 τῶν
1088 4083 1264 4151 ναυτικῶν.
