2724 4634
207 223 272 295 124
591 236 846 295 κουκῑεσοκ

256 349 344 407 Πολ.
379 341 430 431 Νὴ
444 347 524 423 Δία,
542 339 619 421 τούς
633 338 787 431 ἀρίστους
804 365 841 428 χε
858 346 924 408 τῶν
942 339 975 417 έν
991 346 1032 430 τῇ
1050 340 1164 409 πόλει·
1183 344 1238 411 καί

205 446 341 536 γέροντά
358 471 400 530 με
421 448 478 513 καὶ
500 443 677 535 φαλακρὸν,
708 441 754 524 ὥς
777 440 871 533 ὁρᾷς,
895 439 987 525 ύυτα,
1011 446 1068 511 καί
1085 445 1243 529 λημῶντα,

206 553 346 635 προσέτι
371 550 427 615 καὶ
452 547 637 633 κορυζῶντα
663 544 865 636 ὑπερήδοντο
891 545 1150 631 θεραπεύοντες,
1181 550 1264 614 καί

206 650 368 739 μακάριος
385 641 423 739 ἦν
442 647 550 718 αύτιδν
567 646 678 721 ὅντινα
696 646 736 717 ἀν
754 652 809 717 καὶ
825 649 927 734 μόνον
943 651 1172 736 προσέβλεψα.

214 818 218 825 .
259 761 334 815 ΣΙΜ.
377 759 457 823 Μιῦν
474 755 531 819 καὶ
548 753 589 820 σύ
602 779 689 833 τινα,
711 747 857 841 ἀσπερδ
873 752 980 831 Φάων,
996 746 1190 840 Ἀφροδίτην
1205 749 1242 819 ἐκ

205 861 290 922 Χίου
310 855 595 941 διεπόρθμευσας,
616 853 688 922 εἶτά
702 878 757 921 σοι
771 850 935 940 εὐξαμένῳ
950 852 1051 921 έδωκε
1064 858 1135 922 νέον
1153 850 1240 923 εἶναι

205 960 262 1025 καί
278 956 377 1026 καλὸν
396 957 432 1038 ἒξ
447 955 598 1045 ύπαρχῆς
613 959 669 1024 καὶ
687 954 899 1044 ἀξιέραστονς

256 1067 344 1123 ΠΟΔ.
381 1056 459 1142 Θύκ,
477 1056 560 1127 ἀλλὰ
577 1065 727 1138 τοιοῦτος
745 1055 791 1126 ἀίν
807 1057 1042 1147 περιπόθητος
1058 1049 1107 1147 ἦν.

257 1169 334 1227 ΣΠκΙ.
376 1162 563 1249 Αἰνίγματα
580 1165 693 1249 λέγεις.

173 1279 188 1327 ε
257 1272 344 1327 ΠΟΛ.
379 1267 445 1331 Καὶ
466 1262 529 1353 μὴν
550 1264 718 1352 πρόδηλός
738 1288 775 1350 χε
798 1260 816 1330 δ
836 1262 919 1351 έρως
936 1259 1051 1331 ούτοσί
1068 1262 1173 1345 πολύς
1193 1261 1242 1333 ὢν

208 1362 226 1434 ὅ
245 1370 323 1454 περὶ
340 1364 418 1445 τοὺς
436 1363 589 1446 ἀτέκνους
605 1369 661 1433 καὶ
678 1369 861 1444 πλουσίους
877 1370 1042 1452 γέροντας.

258 1476 335 1530 ΣΙΜ.
378 1476 447 1536 Νῦν
464 1470 625 1554 μανθάνω
644 1494 704 1537 σου
722 1466 761 1537 τὸ
779 1469 911 1550 κάλλος,
932 1459 1164 1553 ὦθαυμάσιε,
1184 1466 1241 1541 ὅτι

207 1569 300 1660 παρὰ
317 1577 375 1659 τῆς
390 1579 513 1660 χρυσῆς
526 1568 718 1660 Ἀφροδίτης
735 1562 784 1659 ἦν.

257 1688 344 1743 ΠΟΛ.
376 1670 485 1764 λίτάρ,
506 1665 533 1741 ιδ
550 1675 687 1758 Σιμύλε,
712 1671 770 1742 ούκ
789 1672 883 1762 ἀλίγα
900 1680 966 1741 τῶν
984 1671 1129 1760 ἐραστῶν
1148 1671 1240 1743 ἀπο·

206 1777 345 1843 λέλαυκα
362 1779 532 1859 μονονουχὶ
551 1777 833 1864 προσκυνούμενος
850 1772 906 1844 ἀπ’
919 1773 1041 1844 αὐτῶν·
1060 1780 1116 1843 καί
1134 1776 1238 1865 έθρυ-

205 1877 335 1966 πτόμην
358 1879 394 1946 δὲ
415 1880 575 1960 πολλάκις
595 1883 651 1946 καὶ
674 1876 846 1946 ἀπέκλειον
869 1876 978 1946 αύταῖν
1003 1904 1093 1958 τινας
1120 1877 1236 1963 ένίοτε,

207 1981 240 2049 οί
258 1982 294 2048 δέ
312 1978 495 2070 ἡμιλλῶντο
512 2007 569 2050 και
557 1978 745 2072 ἀλλήλους
763 1980 1024 2071 ὑπερεβάλλοντο
1042 1979 1076 2049 έν
1092 1989 1132 2072 τῇ
1154 1986 1236 2073 περὶ

207 2082 264 2169 εμὲ
282 2088 468 2173 φιλοτιμί.

258 2193 334 2247 ΣΙΜ.
382 2190 479 2265 Τέλος
502 2184 532 2255 δ’
545 2177 603 2255 οὖν
623 2194 698 2268 πῶς
721 2185 905 2273 ἐβουλεύσω
928 2188 1007 2275 περὶ
1028 2212 1093 2255 των
1110 2187 1237 2275 κτημά·
1286 2224 1292 2239 ·

206 2313 290 2369 των,·

258 2397 345 2455 ΠΟΛ
377 2386 427 2469 Ἐς
447 2389 487 2458 τὸ
511 2390 653 2479 φανερὸν
673 2391 774 2475 μλν“
755 2415 890 2460 εκαοτον
909 2387 1017 2463 αύτῶν
1034 2390 1236 2480 κληρονόμον

207 2488 426 2560 ἀπολιπεῖν”
408 2518 560 2581 εφασκον,
588 2491 662 2562 ὅδ’
682 2493 741 2562 ἐπί
727 2500 835 2563 ίστευέ
855 2509 892 2563 τε·
913 2490 954 2562 ἀν
975 2496 1032 2561 καί
1047 2496 1237 2563 κολακευτι-

204 2594 346 2683 κώτερον
358 2595 626 2684 παρεσκεύαζενί
611 2596 736 2678 σαυτὸν,
754 2594 856 2676 ἀλλος
875 2593 962 2667 δέ
926 2622 986 2675 τας
1004 2592 1143 2683 ἀληθεῖς
1162 2598 1237 2667 δια-

137 2699 139 2703 ’
206 2698 351 2786 θήκας’
333 2723 426 2781 εχων,
453 2697 576 2778 έκείνας
597 2703 773 2769 κατέλιπον
791 2694 986 2783 οίμώζειν”
962 2721 1072 2795 απασι
1088 2700 1235 2824 ηνράσας.

171 2804 191 2852 4
259 2807 336 2862 ΣΙΜ.
383 2800 509 2869 Τίναδ
522 2802 558 2868 αλ
574 2800 809 2870 τελευταῖαι
776 2828 834 2870 τον
854 2800 1095 2890 κληρωύμον”
1077 2824 1187 2885 εοχονς
1214 2792 1235 2890 ἧ

204 2902 270 2969 πού
288 2928 363 2970 τινα
381 2910 446 2970 τῶν
464 2899 533 2971 ἀπὸ
552 2912 613 2972 τοῦ
631 2911 759 2992 χένους,·

255 3011 343 3067 Πολ
380 3003 423 3073 Ού
441 3005 489 3090 μὰ
506 3005 573 3090 Δί’,
537 3004 680 3074 ίάλλά
697 3007 857 3093 νεώνητόν
874 3032 948 3076 τωα
968 3012 1035 3077 τῶν
1056 3010 1236 3095 μειρακίων

203 3113 270 3174 τῶν
289 3103 419 3194 ιδραίων
439 3110 559 3198 Φρύγα.

256 3217 332 3272 xm
363 3207 462 3300 Αμφί
483 3212 575 3279 πόσα
593 3211 661 3299 έτη,
682 3239 709 3279 ω
695 3203 954 3302 Πολύστρατες

255 3319 343 3377 ΠΟΔ
377 3312 499 3396 Σχεδὸν
516 3311 657 3402 ἀμφὶ
621 3341 663 3381 τα
681 3314 796 3383 ε’ἰκοσι.

255 3422 332 3477 EM
369 3412 448 3503 Ἤδη
466 3411 669 3500 μανθάνω”
646 3417 741 3484 ατινά
759 3441 814 3486 σοι
831 3416 953 3496 ἐκεῖνος
971 3415 1146 3505 ἐχαρίζετο.

254 3525 342 3580 Πολ
376 3516 465 3606 Πλὴν
479 3516 562 3585 ἀλλὰ
575 3516 692 3587 πολλ’
677 3525 743 3587 εκεί
742 3545 805 3588 νων
818 3516 996 3608 ἀξιώτερος
1013 3522 1233 3608 κληρονομεῖν,

204 3618 236 3689 εί
260 3622 316 3687 καί
341 3620 508 3707 βάρβαρος
533 3611 572 3710 ἦν
597 3624 652 3688 καί
679 3617 834 3709 ὄλεθρος,
862 3622 900 3691 ὃν
920 3618 982 3710 ἤδη
1004 3624 1060 3689 καὶ
1082 3617 1236 3691 αύτολοί

204 3718 337 3810 άριστοι
358 3722 614 3812 θεραπεύουσα.
650 3722 770 3804 ἐκεῖνος
786 3730 895 3793 τοίνυν
913 3723 1152 3813 ἐκληρονόμησέ
1166 3748 1234 3808 μου

204 3825 260 3890 καί
276 3829 331 3892 νῦν
350 3822 383 3892 δν
397 3838 470 3905 τοῖς
482 3823 697 3916 εὐπατρίδαις
710 3824 907 3913 ἀριθμεῖται
920 3823 1163 3915 ἀπεξυρημένος
1174 3826 1235 3911 μὲν

203 3923 243 3993 τὸ
264 3931 387 4014 γένειον
407 3931 463 3996 καί
484 3929 700 4021 βαρβαρίζων,
723 3930 853 4019 Κόδρου
876 3930 913 3998 δὲ
934 3927 1157 4017 εύχενέστερος
1179 3929 1236 3995 καί

203 4026 1235 4122 Νιρέωςκαλλίωνκαὶλίδυσοίωςσυνετώτεροςλιχύμωοςεῖνοι.
