2752 4632
131 233 225 293 XVII.
238 230 340 286 ΠΕΡΙ
356 231 441 286 ΤΩΝ
457 231 533 287 ΕΠΙ
548 230 685 311 ΜῙΣΘῼ
703 233 934 290 ΣΥΝΟΝΤΩΝ
950 233 1036 290 4-6.
1076 222 1138 287 247

113 337 176 419 τ’δις
202 337 323 416 αἰτίας,
351 333 409 425 ἀφ’
423 327 472 404 ῶν
497 335 554 404 ἐπὶ
578 335 635 405 τὸν
660 342 811 405 τοιούτω
832 344 905 422 βίον
928 335 1142 427 ἀφικνοῦνταί

113 465 213 521 τινες,
237 439 460 524 προεξετάσας
478 440 622 523 δείξαιμι
638 437 678 506 ού
696 440 784 506 πάνυ
801 445 931 525 βιαίους
953 438 1023 511 οὐδ’
1042 438 1143 530 ἀναγ-

116 548 227 621 καίας·
255 535 341 608 οῦτιο
362 539 424 629 γὰρ
448 537 488 608 ἂν
506 538 656 629 αῦτοῑςή
680 539 844 628 ἀπολογία
866 536 1140 632 προαναιροῖτοή

8 680 10 691 =
115 645 233 734 πρώτη
257 639 425 733 ύπόθεσις
450 650 508 730 τής
534 643 776 722 ἐθελοδοολίας.
822 643 933 729 οἱμὲν
956 644 994 732 δὴ
1022 649 1142 713 πολλοὶ

115 745 174 835 τήν
199 749 315 814 πενίαν
341 741 396 815 καὶ
421 744 479 833 τήν
504 753 569 813 τῶν
596 743 777 833 ἀναγκαίων
801 753 913 832 χρείαν
938 753 1142 835 προθέμενοι

114 845 226 917 ἱκανὸν
239 853 337 917 τοῦτο
342 845 570 935 προκάλυμμα
583 847 708 917 σ’ίονται
721 848 974 936 προβεβλῆσθαι
986 855 1046 938 τῆς
1058 847 1143 938 πρὸς

8 968 10 971 ’
114 949 174 1025 τὸν
194 955 268 1036 βίον
290 955 405 1019 τοῦτον
428 947 639 1034 αὐτομολίας,
667 953 723 1016 καί
745 947 893 1038 ἀποχρῆν
914 949 1027 1030 αὐτοῖς
1050 957 1142 1036 νομί-

113 1053 228 1137 ζουσιν
250 1051 280 1120 εί
301 1053 424 1138 λέγοιεν
446 1047 492 1132 ῶς
514 1052 703 1139 συγγνώμης
721 1048 812 1134 ἄξιον
833 1059 972 1125 ποιοῦσι
990 1051 1030 1120 τὸ
1046 1057 1143 1136 χαλε-

114 1155 272 1225 πώτατον
289 1160 354 1222 τῶν
373 1153 405 1222 έν
422 1161 469 1242 τῶ
485 1160 549 1242 βίῳ
567 1151 625 1242 τήν
642 1160 757 1222 πενίαν
776 1154 947 1244 διαφυγεῖν
961 1152 1142 1243 ζητοῦντεςρ

113 1252 191 1327 εἶτα
209 1252 226 1325 5
247 1261 377 1343 θέογνις
393 1257 570 1345 πρόχειρος
586 1260 643 1324 καὶ
658 1255 746 1324 πολὺ
763 1255 831 1339 τὸ,

335 1365 403 1436 πᾶς
419 1357 481 1445 γὰρ
499 1355 579 1449 ἀνὴρ
597 1365 691 1447 πενίη
711 1360 922 1447 δεδμημένος,
956 1404 957 1415 1

113 1463 173 1531 καὶ
191 1455 255 1531 όσα
277 1458 361 1531 ἄλλα
384 1461 522 1544 δείματα
544 1458 627 1549 ὑπὲρ
644 1469 702 1549 τῆς
723 1468 839 1541 πενίας
862 1461 895 1528 οἱ
916 1459 1143 1547 ἀγεννέστατοι

113 1568 188 1630 τῶν
201 1567 348 1651 ποιητῶν
366 1559 598 1649 ἐξενηνόχασιν.
633 1562 695 1649 ἐγὼ
709 1561 745 1629 δ’
762 1565 794 1630 εἰ
809 1565 867 1649 μὲν
889 1562 1000 1651 όιόρων
1023 1561 1143 1643 αὐτοὺς

113 1664 224 1754 φυγήν
240 1688 314 1731 τινα
331 1662 377 1753 ῶς
395 1661 531 1752 ἀληθῶς
547 1671 606 1753 τῆς
623 1671 738 1744 πενίας
760 1663 1007 1753 εὑρισκομένους
1025 1665 1059 1734 ἐκ
1076 1673 1142 1734 τῶν

111 1766 277 1835 τοιούτων
299 1773 493 1853 συνουσιῶν,
524 1764 581 1833 οῦκ
602 1764 642 1834 δν
663 1764 746 1856 ὑπὲρ
768 1774 826 1855 τῆς
848 1765 930 1852 δι’γαν
952 1751 1153 1855 ἐλευθερίαςΙ
1248 1839 1252 1853 ,

112 1867 393 1957 ἐμικρολογούμην
411 1868 496 1957 πρὸς
514 1866 647 1947 αὐτούς·
666 1868 740 1936 ἐπεὶ
758 1869 794 1935 δὲ
811 1908 859 1958 -Ι
872 1864 918 1947 ῶς
931 1864 950 1935 5
962 1871 1062 1947 καλός
1075 1896 1142 1939 που

111 1969 227 2060 ῥήτωρ
245 1969 308 2058 ἔφη
327 2009 369 2019 -
389 1984 461 2049 τοῖς
481 1978 546 2038 τῶν
568 1972 749 2040 νοσούντων
770 1976 891 2050 σιτίοις
913 1968 1044 2037 ἐοικότα
1061 1975 1144 2055 λαμ-

111 2073 270 2161 βάνουσι,
298 2077 349 2151 τίς
371 2071 419 2141 έτι
436 2072 566 2160 μηχανή
581 2072 626 2162 μή
645 2070 717 2156 ούχὶ
738 2071 901 2161 καὶπρὸς
922 2078 1019 2140 τοῦτο
1038 2080 1144 2153 κακῶς
1176 2084 1178 2086 ’

113 2178 362 2263 βεβουλεῦσθαι
380 2175 485 2243 δοκεῖν
504 2173 622 2255 αύτούς
635 2173 692 2255 ,δελ
713 2175 874 2262 μενούσης
896 2172 1013 2260 ὁμοίας
1031 2172 1144 2255 αὐτοῖς
1230 2204 1234 2211 ·

113 2283 176 2363 τῆς
193 2273 392 2356 ὑποθέσεως
408 2284 467 2345 τοῦ
484 2284 576 2362 βίου,·
599 2284 697 2345 πενία
718 2277 780 2365 γὰρ
803 2278 910 2347 εἰσαεὶ
931 2281 984 2345 καὶ
1003 2276 1041 2347 τὸ
1060 2281 1144 2363 λαμ·
1202 2279 1206 2289 ’

111 2382 228 2467 βάνειν
251 2375 425 2465 ἀναγκαῖον
447 2384 503 2446 καὶ
525 2377 696 2446 ἀπόθετον
720 2378 814 2447 οὐδὲν
838 2377 916 2448 οῦδὲ
937 2379 1092 2469 περιττὸν
1110 2380 1144 2460 ἐς

112 2478 275 2571 φυλακὴν,
296 2478 379 2547 ἀλλὰ
396 2480 433 2549 τὸ
454 2482 563 2562 δοθὲν,
582 2478 641 2548 κᾶν
661 2483 761 2569 δοθῇ,
785 2478 844 2550 κᾶν
862 2480 999 2570 όιθρύιος
1016 2485 1143 2570 ληφθῇ,

8 2650 16 2661 ,
116 2589 190 2652 πᾶν
208 2579 349 2672 ἀκριβῶς
365 2587 420 2650 καὶ
437 2590 495 2669 τῆς
510 2589 621 2673 χρείας
638 2582 755 2663 ένδεῶς
772 2585 1051 2651 καταναλίσκεται.
1085 2609 1145 2649 κα·

8 2690 10 2727 ³
114 2687 188 2765 λῶς
205 2685 240 2752 δὲ
258 2683 322 2768 εἶχε
339 2683 383 2773 μή
402 2686 556 2765 τοιαύτας
572 2683 664 2764 τινδις
682 2682 839 2774 ἀφορμὰς
856 2683 1009 2766 ἐπινοεῖν,
1021 2726 1024 2733 1
1035 2689 1071 2751 αἲ
1087 2682 1146 2773 τήν

115 2793 236 2857 πενίαν
252 2794 390 2875 τηροῦσι
406 2793 689 2876 παραβοηθοῦσαι
705 2788 806 2872 μόνον
829 2784 926 2876 αὐτῇ,
955 2782 1023 2852 ἀλλ’
1041 2791 1077 2855 αἳ
1091 2793 1146 2854 τέ-

58 2892 74 2909 “
114 2893 194 2959 λεον
212 2889 430 2978 ἐξαιρήσουσι,
450 2895 506 2958 καὶ
522 2888 605 2980 ύπίρ
623 2896 735 2977 γετοῦ
753 2890 905 2957 τοιούτου
923 2893 978 2957 καί
991 2887 1024 2970 ἐς
1035 2895 1146 2975 βαθυ-

114 2992 220 3080 κήτεα
237 2993 358 3061 πόντον
376 2995 457 3084 ἰ’σως
475 2996 603 3082 ῥιπτεῖν
622 2992 702 3075 ἔδει,
729 2982 758 3059 ῶ
779 2997 903 3081 Θέογνι,
931 2994 987 3059 καί
1003 2999 1143 3081 πετρῶν,

112 3091 169 3175 ῶς
191 3092 275 3181 φῂς,
299 3092 366 3163 κατ’
381 3092 554 3181 ἠλιβάτων.
591 3096 621 3163 εἰ
643 3096 680 3162 δέ
700 3120 752 3176 τις
774 3093 827 3164 ἀεὶ
844 3101 944 3184 πίνης
960 3099 1016 3163 καὶ
1037 3092 1146 3183 ἐνδεής

111 3198 179 3265 καί
196 3191 389 3277 ὑπόμισθος
407 3193 452 3265 ῶν
471 3197 576 3265 οἴεται
593 3203 708 3265 πενίαν
726 3195 814 3285 αύτῷ
831 3199 938 3285 τούτῳ
963 3199 1146 3286 διαπεφευ-

111 3302 228 3388 γέναι,
257 3291 316 3361 οῦκ
337 3293 401 3363 οἶδ’
419 3294 511 3377 όπως
533 3293 551 3365 5
573 3306 724 3377 τοιοῦτος
742 3296 799 3365 ούκ
822 3297 861 3367 δν
884 3301 1008 3381 δόξειεν
1030 3297 1146 3365 ἑαυτὸν

115 3402 301 3482 ἐξαπατᾶν.
331 3395 427 3466 δι’λλοι
444 3399 480 3467 δὲ
497 3405 612 3468 πενίαν
627 3401 686 3484 μὲν
704 3397 802 3487 αὐτὴν
820 3398 877 3467 οῦκ
895 3397 935 3467 δν
953 3405 1149 3489 φοβηθῆναι
1164 3422 1179 3471 6

115 3499 201 3573 οῦδὲ
213 3502 460 3590 καταπλαγῆναί
473 3527 584 3591 φασιν,
602 3501 634 3568 ἐἰ
648 3500 799 3569 ἐδύναντο
812 3515 884 3582 τοῖς
897 3498 1009 3581 ἄλλοις
1023 3498 1147 3587 ὁμοίως

118 3610 301 3685 πονοῦντες
320 3602 500 3694 ἐκπορίζειν
516 3603 559 3672 τδι
577 3601 716 3692 δι’λφιτα,
739 3610 795 3672 νῦν
814 3605 851 3671 δί
866 3642 910 3653 -
926 3609 1147 3694 πεπονηκέναι

117 3705 186 3797 γὰρ
205 3703 317 3788 αὐτοῖς
333 3704 376 3775 τδι
394 3707 532 3792 σῶματα
548 3703 570 3795 ἢ
586 3703 654 3774 ύπδ
671 3704 779 3796 γήρως
795 3703 816 3796 ἢ
834 3703 900 3774 ύπδ
915 3707 1020 3775 νόσων
1032 3745 1072 3755 -
1088 3705 1146 3774 ἐπὶ

118 3809 219 3897 τήνδε
236 3811 357 3900 ῥᾴστην
376 3801 476 3881 οὖσαν
493 3808 551 3898 τὴν
571 3807 787 3898 μισθοφορὰν
810 3806 1035 3898 ἀπηντηκέναι.
1070 3806 1144 3899 φέρ’
1181 3848 1184 3857 ·

121 3902 184 3979 ούν
201 3913 323 3997 ίδωμεν
340 3913 370 3981 εί
387 3909 497 4001 διληθή
511 3917 641 4000 λέγουσι
653 3914 707 3980 καὶ
721 3911 756 3981 ἐκ
767 3919 827 3980 τοῦ
841 3913 963 4003 ῥᾴστου
976 3910 1021 4000 μή
1035 3910 1145 3981 πολλὰ

119 4013 209 4100 μηδὲ
225 4017 330 4085 πλείω
347 4022 413 4085 τῶν
435 4012 542 4085 ἄλλων
562 4019 703 4086 πονοῦσι
724 4022 945 4106 περιγίγνεται
967 4013 1081 4097 αὐτοῖς
1101 4012 1144 4088 τὰ
