2744 4622
221 240 283 308 166
607 245 865 304 ΔΟΥΚΙΔΝΟΥ

219 364 388 447 μαστίγων
409 380 446 424 τε
466 353 528 442 γάρ
552 349 636 438 ὁμοῦ
657 352 774 441 ψόφος
799 346 933 439 ἠκούετο
960 352 1017 417 καλ
1038 346 1164 439 οἰμωγὴ
1186 355 1256 418 τῶν

222 463 280 531 ἐπὶ
296 468 356 529 τοῦ
373 457 479 547 πυρὸς
497 454 697 541 ὀπτωμένων
714 457 770 523 καὶ
788 456 943 542 στρέβλαι
959 456 1015 520 καὶ
1032 454 1180 541 κύφωνες
1198 454 1259 519 καὶ

220 567 347 654 τροχοὶ,
373 563 429 629 καὶ
445 557 465 648 ἡ
483 565 632 648 Χίμαιρα
649 551 841 647 ,ἐσπάραττε
860 559 918 624 καλ
940 552 958 623 ό
975 560 1139 646 Κέρβερος
1157 552 1260 641 ίδόρ-
1287 636 1298 657 “

223 670 359 748 όαπτεν,
388 662 579 746 ίκολάζοντό
606 687 642 729 τε
669 657 739 747 ἅμα
764 659 900 741 πάντες,
930 660 1093 744 βασιλεῖς,
1127 661 1256 742 δοῦλοι,

222 770 402 859 σατράπαι,
422 772 568 855 πένητες,
588 765 754 846 πλοόσιοι,
774 767 911 848 πτωχοὶ,
930 766 987 831 καὶ
998 763 1154 851 μετέμελε
1167 768 1258 831 πᾶσι

221 879 288 942 τῶν
300 874 555 959 τετολμημένων.
575 866 680 947 ένίους
694 868 730 935 δέ
744 864 852 939 αότῶν
863 870 919 934 καλ
933 865 1153 955 ἐγνωρίσαμεν
1167 863 1260 933 ἰδόν-

221 1001 288 1058 τες,
321 972 447 1043 ὁπόσοι
470 964 555 1062 ἦσαν
579 976 644 1039 τῶν
671 970 804 1057 έναγχος
822 968 1123 1065 τετελευτηκότων·
1159 966 1193 1035 ολ
1221 968 1260 1035 δὲ

223 1077 477 1165 ἀνεκαλύπτοντο
490 1077 546 1141 καλ
559 1071 821 1162 ἀπεστρέφοντο,
840 1072 871 1141 εί
884 1074 920 1141 δὲ
931 1074 989 1140 καὶ
1000 1072 1256 1161 προσβλέποιεν,

207 1182 313 1267 μάλα
333 1181 561 1263 δουλοπρεπές
582 1203 617 1244 τι
637 1178 692 1242 καὶ
713 1173 954 1258 κολακευτικὸν,
981 1178 1164 1241 καὶταῦτα
1181 1180 1259 1253 πῶς

224 1284 289 1351 σ’ίει
313 1289 428 1368 βαρεῖς
454 1275 545 1359 όντες
570 1280 625 1346 καλ
652 1275 842 1365 ὑπερόπται
867 1275 962 1365 παρὰ
982 1277 1040 1345 τὸν
1059 1282 1150 1365 βίους
1184 1290 1259 1356 τοῖς

222 1390 336 1471 μέντοι
350 1388 489 1471 πένησιν
505 1378 672 1471 ἡμιτέλεια
688 1387 755 1449 τῶν
772 1387 879 1449 κακῶν
897 1380 1040 1462 ἐδίδοτο,
1068 1383 1123 1446 καὶ
1142 1380 1259 1447 διανα-

223 1485 409 1571 παυόμενοι
430 1485 531 1553 πάλιν
554 1482 754 1566 ἐκολάζοντο.
789 1481 929 1573 καὶμὴν
951 1479 1082 1552 κάκεῖνα
1104 1479 1193 1550 εἶδον
1214 1480 1258 1549 τὰ

222 1588 367 1676 μυθώδη
372 1640 381 1670 ,
400 1586 458 1656 τὸν
471 1584 587 1669 Ἰξίσνα
603 1589 659 1653 καὶ
675 1584 733 1653 τὸν
746 1591 894 1676 Σίσυφον
910 1588 967 1652 καὶ
982 1582 1040 1653 τὸν
1051 1584 1162 1671 Φράγα
1175 1587 1258 1652 Τάν-

223 1693 323 1759 ταλον
339 1688 467 1758 καὶτὸν
485 1696 599 1778 γηγενῆ
616 1687 745 1771 Τιτυὸν,
761 1686 927 1778 Ἡράκλεις
944 1684 1038 1768 ὅσος·
1057 1687 1161 1755 ἐ’κειτο
1179 1694 1258 1774 γοῦν

173 1814 206 1864 1⁵
223 1792 329 1861 τόπον
352 1791 477 1875 ἐπέχων
499 1789 610 1879 ἀγροῦ.
648 1793 836 1872 διελθόντες
863 1793 899 1859 δὲ
924 1793 980 1858 καλ
1001 1790 1140 1870 τούτους
1163 1789 1196 1870 ές
1217 1787 1256 1857 τὸ
1357 1794 1358 1799 ’

222 1895 339 1964 πεδίον
358 1893 557 1980 έσβάλλομεν
574 1893 613 1961 τὸ
628 1891 843 1983 Ἀχερούσιον,
872 1892 1061 1983 εὑρίσκομέν
1077 1919 1114 1961 τε
1133 1889 1258 1960 αὐτόθι

222 1995 301 2078 τοὺς
317 1995 481 2086 ἡμιθέους
502 2022 538 2063 τε
559 2000 615 2063 καλ
636 1995 696 2076 τὰς
717 1993 845 2085 ἧρηίνας
866 1994 999 2064 καὶτὸν
1020 1992 1119 2063 ἀλλον
1142 1991 1257 2081 ὅμιλον

222 2105 289 2166 τῶν
306 2106 425 2185 νεκρῶν
442 2097 526 2166 κατὰ
545 2098 625 2187 έθνη
643 2102 700 2166 καὶ
716 2097 800 2166 κατὰ
814 2101 903 2188 ’φῦλα
917 2099 1161 2184 διαιτωμένους,
1180 2097 1257 2178 τοὺς

223 2202 283 2287 μὲν
315 2202 481 2280 παλαιούς
507 2226 599 2279 τινας
626 2203 682 2268 καὶ
715 2198 940 2289 εάρωτιτόντας
971 2205 1039 2283 καὶ,
1077 2197 1123 2281 ὥς
1155 2226 1256 2290 φησιν

224 2298 374 2391 (Όμηρος,
394 2299 586 2389 άμενηνοὺς,
605 2301 682 2382 τοὺς
696 2301 727 2369 δ’
739 2302 788 2370 έτι
801 2307 926 2383 νεαλεῖς
939 2308 995 2370 καὶ
1009 2305 1253 2391 συνεστηκότας,
1355 2340 1357 2389 i

223 2406 280 2470 καλ
305 2406 452 2488 μάλιστα
477 2402 555 2484 τοὺς
570 2405 776 2492 Αἰγυπτίους
803 2403 911 2473 αάτιῦν
934 2404 1050 2474 διὰτὸ
1072 2409 1256 2496 πολυαρκὲς
1356 2398 1357 2445 3

210 2512 282 2597 ,τῆς
297 2512 474 2595 ταριχείας.
509 2504 548 2575 τὸ
565 2506 678 2592 μέντοι
696 2509 940 2596 διαγιγνώσκειν
958 2508 1092 2577 ἕκαστον
1110 2507 1149 2577 οό
1168 2511 1254 2577 πάνυ

223 2636 258 2678 τι
277 2600 317 2697 ἦν
340 2610 469 2700 ῥηίδιον·
497 2604 640 2690 άπαντες
660 2610 723 2700 γὰρ
746 2608 888 2694 ἀτεχνῶς
913 2608 1068 2699 ἀλλήλους
1092 2618 1256 2700 γίγνονται
1355 2624 1357 2661 λ

225 2707 337 2797 όμοιοι
362 2720 428 2780 τῶν
450 2700 557 2780 ἀστῶν
579 2719 845 2800 γεγυμνωμένων·
876 2713 961 2803 πλὴν
988 2712 1072 2781 ἀλλὰ
1097 2716 1196 2802 μόγις
1219 2740 1256 2783 τε
1304 2723 1323 2739 “
1355 2712 1356 2727 ’

139 2870 143 2878 .
223 2816 290 2880 καὶ,
310 2811 367 2880 διὰ
398 2817 525 2882 πολλοῦ
556 2814 823 2901 ἀναθεωροῦντες
858 2814 979 2896 αὖτοὺς
1009 2816 1267 2904 έγιγνιόσκομεν.’

225 2913 346 2981 έκειντο
366 2913 396 2980 δ’
414 2913 464 2982 ἐπ’
482 2914 634 3002 ἀλλήλοις
652 2915 796 3005 ἀμαυροὶ
812 2923 867 2986 καὶ
881 2915 1005 3006 ἀσημοι
1022 2923 1077 2988 καὶ
1096 2918 1190 2989 οὐδέν
1206 2921 1256 2988 ότι

223 3020 290 3081 τῶν
315 3013 394 3101 παρ’
414 3014 489 3103 ἡμῖν
516 3022 623 3086 καλιάν
650 3021 878 3108 φυλάττοντες.
923 3019 1039 3106 ἀμέλει
1063 3027 1196 3101 πολλῶν
1222 3024 1254 3091 έν

223 3114 334 3204 ταύτῷ
353 3120 510 3187 σκελετῶν
527 3126 681 3204 κειμένων
698 3126 754 3189 καί
767 3124 901 3191 πάντων
919 3121 1043 3209 ὁμοίιον
1059 3127 1206 3212 φοβερόν
1221 3155 1255 3194 τι

203 3222 278 3285 ’καλ
298 3220 445 3298 διάκενον
464 3222 665 3317 δεδορκότων
682 3227 736 3290 καὶ
758 3225 898 3312 γυμνοὺς
920 3225 998 3307 τοὺς
1016 3224 1153 3309 ὀδόντας
1170 3255 1255 3315 προ-

224 3322 421 3409 φαινόντων,
442 3320 588 3414 ἠπόρουν
606 3324 691 3415 πρὸς
710 3325 849 3412 ἐμαυτὸν
868 3320 960 3417 ᾧτινι
979 3332 1182 3420 διακρίναιμι
1198 3331 1254 3399 τὸν
1354 3332 1355 3337 ’

154 3500 156 3503 ,
225 3430 379 3513 Θερσίτην
406 3423 475 3497 ἀπὸ
501 3434 560 3496 τοῦ
586 3434 687 3498 καλοῦ
713 3436 842 3520 Νιρέως
866 3430 888 3520 ἢ
913 3429 970 3500 τὸν
991 3423 1073 3524 Ἰρον
1097 3430 1170 3501 ἀπὸ
1196 3440 1253 3501 τοό

226 3528 378 3594 Φαιάκων
394 3535 558 3615 βασιλέως
575 3530 750 3622 ἢΠυρρίαν
766 3532 823 3601 τὸν
840 3535 997 3624 μάγειρον
1015 3534 1084 3603 ἀπὸ
1097 3534 1254 3624 τοῦῘίγα-

222 3634 396 3714 μέμνονος·
424 3630 596 3724 οὐδὲνγὰρ
615 3634 665 3704 έτι
686 3643 751 3703 τῶν
768 3640 922 3705 παλαιῶν
942 3639 1178 3726 γνωρισμάτων
1196 3635 1254 3706 αό-

221 3744 293 3812 τοῖς
319 3740 511 3822 παρέμενεν,
539 3732 609 3803 ἀλλ’
629 3733 730 3821 ὅμοια
750 3736 793 3806 τὰ
815 3737 898 3808 ἀστᾶ
918 3732 969 3829 ἦν,
998 3738 1103 3830 ἀδηλα
1120 3743 1176 3809 καλ
1199 3739 1253 3810 ἀν·

223 3837 394 3924 επίγραφα
422 3839 478 3904 καλ
503 3834 559 3907 ἀπ’
583 3837 714 3921 οάδενὸς
744 3840 793 3909 έτι
822 3843 1053 3933 διακρίνεσθαι
1079 3844 1251 3929 δυνάμενα.

161 3952 205 4001 ·16
222 3937 391 4023 τοιγάρτοι
418 3938 523 4008 έκεῖνο
554 3938 673 4031 ὃριόντι
704 3943 810 4012 έδόκει
833 3971 893 4031 μοι
918 3942 937 4013 ὅ
963 3953 1030 4015 τῶν
1060 3943 1251 4035 ἀνθρώπων
1350 4004 1353 4013 ,

217 4040 296 4122 sstog
322 4048 443 4131 πομπῇ
468 4070 534 4112 τινι
558 4053 668 4136 μακρᾷ
694 4053 936 4137 προσεοικέναι,
961 4062 1112 4141 χορηγεῖν
1134 4050 1172 4117 δὲ
1197 4053 1252 4117 καλ
