2740 4648
232 260 297 326 330
615 273 865 329 ΛΟΥΚΙΑΝΟΥ

233 379 307 458 δίος
331 373 377 467 μὴ
403 374 524 463 τοάμδν
549 376 643 468 παρὰ
668 377 754 446 πολὺ
781 377 983 468 ἐνδεέδτερον
1009 386 1166 469 φαίνηται
1191 387 1258 449 τῶν

229 478 419 566 Ὀλυμπίων.
455 477 523 547 ἀλλ’
538 476 577 568 ἢν
597 482 657 566 μὲν
675 481 770 565 ὑμεῖς
786 481 1019 566 Πολυδάμαντι
1039 479 1212 571 ἢΓλαόκῳ
1234 480 1258 572 ἢ

231 585 359 651 Μίλωνι
376 588 621 670 παραθεωρῆτέ
636 608 691 669 με,
714 585 832 674 κομιδῄ
849 581 926 669 ὗμῖν
948 584 1034 667 δόξω
1052 581 1183 671 θρασὺς
1200 581 1259 652 ἀν-

232 692 375 771 θρωπος
392 682 485 768 εἶναι,
504 682 543 773 ἢν
561 687 598 753 δέ
614 684 700 754 πολὺ
719 685 848 755 ἐκείνων
865 683 1092 775 ἀπαγαγόντες
1105 685 1165 776 τὴν
1178 687 1259 776 μνῄ-

231 813 295 876 μην
322 784 373 856 ἐπ’
390 787 532 871 ἐμαυτοῦ
553 789 656 873 μόνον
684 784 909 870 ἀποδύσαντες
933 789 1039 876 ἰ’δητε,
1065 785 1136 872 τάχ’
1153 785 1193 857 ἀν
1220 785 1258 857 οδ

232 889 320 959 πάνυ
342 890 592 978 μαστιγώσιμος
612 884 688 974 δμῖν
715 891 864 977 δόξαιμι·
892 889 938 972 ὥς
963 889 997 960 ἐν
1017 917 1054 981 γε
1075 891 1258 980 τηλικούτῳ

232 994 358 1081 σταδίιρ
379 992 487 1065 ίκανδν
505 993 579 1079 ἐμοὶ
595 998 672 1081 γοῦν
689 994 744 1060 καί
760 1000 867 1062 τοῦτο.

461 1250 649 1316 τετε-τιν.
675 1210 712 1316 Η
736 1248 1024 1320 ΑΝτΙοΧοΣ.

199 1424 213 1474 1
274 1398 428 1491 Ἔναγχος
445 1401 507 1490 ἐγὼ
525 1403 584 1487 μέν
600 1398 678 1488 δμῖν
696 1404 805 1485 δείξας
821 1402 987 1491 τὸνλόγον
1001 1400 1119 1495 ἀπῄειν
1133 1405 1257 1488 οἴκαδε,
1350 1382 1351 1455 3

231 1506 426 1594 προσιόντες
444 1507 482 1573 δέ
497 1531 557 1591 μοι
572 1511 638 1573 τῶν
656 1501 842 1593 ἀκηκοότων
862 1508 1042 1574 πολλοί-
1058 1507 1179 1576 κωλύει
1196 1508 1258 1596 γὰρ

232 1605 341 1690 οάδέν,
370 1604 478 1691 οἶμαι,
505 1610 560 1675 καί
585 1606 628 1675 τὰ
653 1615 791 1676 τοιαῦτα
816 1606 901 1695 πρὸς
927 1611 1047 1698 φίλους
1071 1605 1133 1697 ἤδη
1162 1605 1261 1690 ὄντας

232 1708 319 1794 δμάς
339 1712 443 1798 λέγειν
465 1748 508 1759 -
529 1711 725 1799 προσιόντες
748 1701 805 1779 οὖν
831 1711 1013 1794 ἐδεξιοῦντο
1039 1714 1095 1779 καὶ
1120 1715 1260 1797 θαυμά-

233 1813 343 1895 ζουσιν
365 1811 522 1901 ἐηίκεσαν·
549 1810 606 1881 ἐπὶ
632 1812 717 1880 πολὺ
743 1819 821 1900 γοῦν
846 1820 1134 1904 παρομαρτοῦντες
1160 1810 1261 1895 ἀλλος

233 1911 376 1984 ἀλλοδεν
398 1914 503 2002 ἐβόων
523 1918 580 1982 καὶ
601 1915 749 2005 ἐπῄνουν,
778 1911 853 2005 ἀχρι
873 1922 933 1983 τοῦ
955 1920 1010 1984 καὶ
1028 1915 1189 2004 ἐρυθριᾶν
1204 1942 1257 2001 με,

231 2014 277 2107 μὴ
296 2015 362 2107 ἀρα
379 2018 541 2102 πάμπολυ
557 2024 617 2105 τῆς
634 2015 729 2099 ἀξίας
749 2024 816 2085 τῶν
834 2018 977 2087 ἐπαίνων
1000 2014 1253 2107 ἀπολειποίμην.

231 2119 270 2189 τὸ
290 2117 321 2187 δ’
334 2110 391 2189 οὖν
407 2120 585 2209 κεφάλαιον
604 2117 716 2199 αὐτοῖς
737 2126 835 2188 τοῦτο
852 2111 899 2208 ἦν,
927 2123 983 2188 καί
1003 2121 1126 2201 πάντες
1146 2122 1178 2188 ἐν
1198 2125 1258 2189 καὶ

231 2222 271 2291 τδ
290 2219 369 2290 αάτδ
389 2220 658 2309 ἐπεσημαίνοντο,
681 2222 740 2311 τὴν
760 2222 888 2310 γνώμην
909 2229 974 2291 τῶν
996 2226 1261 2311 συγγραμμάτων

232 2328 322 2413 ξένην
340 2315 441 2392 οάοαν
458 2328 513 2391 καὶ
529 2322 633 2391 πολὺν
651 2322 684 2391 ἐν
702 2321 783 2414 αότῄ
800 2323 856 2392 τὸν
874 2328 1100 2412 νεωτερισμόν.
1131 2330 1261 2411 μᾶλλον
1351 2354 1352 2419 η

233 2428 270 2495 δέ
300 2424 383 2493 αάτά
414 2426 520 2494 εἰπεῖν
550 2422 695 2511 ἀμεινον,
728 2422 815 2513 ἀπερ
847 2426 963 2495 ἐκεῖνοι
990 2424 1259 2517 ἀπεφθέγγοντο.
1351 2422 1352 2497 J

228 2525 282 2597 Ἥ
299 2534 357 2617 τῆς
373 2529 573 2617 καινότητος.
605 2526 779 2618 Ἡράκλεις,
798 2537 856 2618 τῆς
873 2530 1167 2618 παραδοξολογίας.
1205 2528 1262 2598 εά-
1351 2582 1352 2589 .

231 2631 375 2720 μῄχανος
399 2627 591 2717 ἅνθρωπος.
639 2628 732 2700 οόδέν
758 2629 797 2699 ἀν
822 2658 874 2711 τις
903 2632 995 2700 ε’ίποι
1024 2639 1082 2720 τῆς
1108 2631 1262 2714 ἐπινοίας

232 2730 461 2823 νεαρώτερον.”
504 2733 616 2819 οἱμὲν
636 2741 774 2803 τοιαῦτα
800 2732 908 2803 πολλὰ
934 2732 1056 2822 ἐλεγον,
1085 2732 1132 2814 ὦς
1158 2735 1260 2802 ἐκεκί-
1351 2788 1352 2817 ,

232 2861 326 2924 νηντο
345 2833 468 2924 δηλαδὴ
487 2833 553 2904 ἀπὸ
571 2842 629 2923 τῆς
647 2835 850 2925 ἀκροάσεως·
872 2834 894 2925 ἢ
910 2842 984 2904 τίνα
1003 2833 1078 2925 γδιρΙ
1089 2834 1130 2905 ἀν
1147 2837 1259 2904 αἰτίαν
1351 2850 1352 2927 ζ

233 2934 321 3020 είχον
345 2938 537 3024 ψεύδεσθαι
562 2942 617 3006 καὶ
643 2939 827 3006 κολακεόειν
851 2938 894 3006 τὰ
918 2944 1057 3006 τοιαῦτα
1083 2941 1169 3021 ξίνον
1198 2935 1262 3009 ἀκ-

232 3047 387 3127 θρωπον,
418 3035 456 3108 οὗ
483 3040 570 3107 πάνυ
592 3043 722 3129 Ιπολλῆς
749 3037 862 3122 αὐτοῖς
892 3042 1068 3131 φροντίδος
1097 3040 1190 3124 ἀξιον
1216 3040 1263 3109 τὰ
1351 3076 1352 3111 ι

198 3163 215 3212 2
234 3137 334 3226 ἀλλος
351 3140 436 3231 πλὴν
454 3140 511 3225 ἐμέ
527 3166 564 3228 γε
581 3181 623 3192 -
641 3142 808 3231 εἰρήσεται
824 3144 886 3230 γάρ
906 3182 946 3193 -
965 3141 1002 3212 οό
1020 3149 1163 3234 μετρίως
1180 3139 1260 3232 ἠνία

234 3240 252 3311 ό
272 3242 405 3324 ἐπαινος
418 3239 533 3325 αάτῶν,
552 3242 735 3333 καίέπειδῄ
750 3269 833 3313 ποτε
846 3244 1063 3315 ἀπελθόντων
1075 3242 1146 3313 κατ’
1157 3244 1260 3331 ἐμαυ-

231 3343 290 3414 τὸν
307 3344 469 3435 ἐγενόμην,
490 3345 595 3415 ἐκεῖνα
612 3345 771 3415 ἐνενόουν
790 3345 906 3415 οάκοῦν
923 3353 1020 3414 τοῦτο
1033 3348 1133 3433 μόνον
1144 3349 1261 3436 χάριεν

232 3461 304 3529 τοῖς
324 3449 417 3533 ἐμοῖς
439 3447 568 3530 ἐνεστιν,
592 3444 646 3517 ότι
666 3447 711 3537 μὴ
735 3450 862 3539 συνήθη
883 3447 1071 3538 μηδδκατδι
1092 3449 1130 3517 τὸ
1150 3448 1261 3540 κοινὸν

231 3550 360 3637 βαδίζει
380 3562 452 3630 τοῖς
473 3547 599 3633 ἀλλοις,
628 3548 796 3636 ἀνομάτων
817 3553 855 3619 δέ
877 3549 942 3639 ἀρα
962 3554 1070 3620 καλῶν
1092 3551 1125 3621 ἐν
1143 3547 1262 3632 αὐτοῖς
1350 3600 1352 3607 ι

233 3650 320 3743 πρὸς
344 3649 402 3721 τὸν
428 3649 563 3743 ἀρχαίου
587 3654 708 3721 κανόνα
738 3660 952 3742 συγκειμένων
981 3650 1004 3743 ἢ
1033 3662 1091 3723 νοῦ
1118 3650 1212 3736 δξίος
1237 3650 1262 3742 ἢ

232 3760 404 3843 περινοίας
423 3753 512 3835 τινδς
532 3753 554 3845 ἢ
573 3756 708 3845 χάριτος
720 3752 863 3846 Ἀττικῆς
883 3752 905 3846 ἢ
927 3752 1124 3848 ἀρμονίαςῄ
1144 3760 1262 3847 τέχνης

230 3865 291 3947 τῆς
314 3853 365 3947 ἐφ’
382 3853 503 3941 ἀποστ,
529 3858 654 3926 τούτων
675 3858 712 3927 δλ
732 3858 848 3949 πόρρω
866 3859 948 3941 ἴσως
966 3856 1105 3944 ’τοάμδν
1133 3854 1171 3927 οά
1194 3856 1261 3948 γὰρ

233 3955 274 4027 ἀν
300 3964 458 4050 παρέντες
480 3956 565 4028 αάτδι
590 3959 697 4030 ἐκεῖνα
723 3961 863 4052 ἐπῄνουν
883 3962 985 4048 μόνον
1004 3960 1044 4031 τὸ
1064 3958 1178 4033 καινὸν
1198 3967 1264 4048 τῆς
1350 3962 1352 3991 ¹

231 4066 459 4150 προαιρέσεως
475 4065 534 4129 κοιλ
547 4064 677 4146 ξενίζον.
705 4061 768 4152 ίγιδ
787 4065 823 4132 δέ
841 4063 859 4132 δ
876 4064 1018 4152 μάταιος
1030 4060 1130 4154 ᾤμην,
1151 4060 1264 4135 δπδτε
