2722 4646
228 247 274 314 44
616 258 877 314 Δοκκιιαυκ

227 390 286 435 τον
311 365 464 454 λήψομαι
491 358 588 432 οῦδὲν
619 360 778 453 ἀδικήσας
808 366 864 431 καὶ
893 363 1066 444 τοσαῦτας
1083 362 1268 456 φροντίδας

228 464 440 554 ἀναδέξομαι.

175 592 212 643 40
279 577 368 633 EPM
407 559 659 658 Ὑπόστηθι,
631 594 658 635 ω
668 520 802 653 Τίμων,
833 564 875 637 δι’
891 568 961 655 έμὲ,
986 570 1045 637 καὶ
1066 569 1097 637 εί
1115 567 1266 653 χαλεπὸν

226 679 326 743 τοῦτο
352 675 410 741 καὶ
435 667 493 741 οῦκ
519 671 631 741 οίστόν
649 669 759 754 ’,ἐστιν
795 667 891 753 ὅπως
921 671 955 739 οί
967 671 1113 841 κόὲλακες
1144 670 1267 743 ἐκεῖνοι

228 771 487 867 διαρραγῶσιν
468 771 536 845 υπδ
553 781 615 843 τοῦ
635 773 784 863 φθόνου·
816 771 978 863 ίχὼδέ“
960 775 1025 845 υπέ
1026 800 1045 865 ρ
1065 772 1125 865 τήν
1140 775 1267 866 Αίτνην

226 876 336 961 όςτδν
355 874 492 965 οῦρανδν
514 873 757 966 ἀναπτήσομαι

280 988 419 1045 nAorT.
458 976 567 1064 Ὁμδν
589 976 813 1069 ἀπελήλυθεν,
841 976 887 1060 ιδς
909 980 1013 1048 δοκεῖ·
1043 985 1266 1069 τεκμαίρομαι

226 1080 289 1174 μὰρ
306 1110 346 1172 τῃ
331 1082 490 1207 εἰρεσίᾳ
507 1087 573 1150 τῶν
589 1088 735 1171 πτερῶν·
758 1079 799 1150 σὺ
818 1077 912 1149 δδ
871 1106 973 1150 αυτσυ
958 1086 1159 1168 περίμενε·
1183 1078 1270 1150 ἀνα-

226 1190 355 1273 πέμψω
372 1184 435 1271 χάρ
454 1208 510 1252 σοι
526 1183 583 1252 τὸν
602 1166 772 1271 θησαυρόν
785 1180 960 1252 ἀπελθών
977 1186 1101 1268 μάλλον
1119 1185 1156 1252 δδ
1168 1198 1265 1255 παῖε.

227 1292 267 1357 σί
283 1312 384 1412 φημι,
405 1287 553 1409 θηοαυρδ
568 1293 707 1377 χρυσοῦ,
725 1283 915 1354 ῦπάκουοον
926 1291 1049 1371 Τίμωνι
1065 1288 1192 1377 τουτῳί
1205 1289 1265 1355 καί

226 1392 397 1480 παράσχες
410 1388 548 1458 σεαυτὸν
565 1386 754 1456 ἀνελέσθαι.
782 1389 918 1469 σκάπτε,
939 1414 966 1456 ω
953 1380 1018 1457 Τί
1016 1413 1096 1474 μων,
1114 1393 1266 1476 βαθείας

226 1494 431 1582 καταφέρων.
469 1489 531 1580 ίχιδ
551 1492 588 1559 δέ
605 1488 682 1576 ῦμῑν
698 1487 958 1577 ῦπεκστήσομαι.

175 1619 208 1668 41
279 1602 357 1658 ΤΙΜ
389 1591 472 1683 Ῑίίχε,
492 1584 520 1661 ὦ
539 1594 678 1675 δίκελλα,
698 1599 753 1662 νῦν
769 1617 829 1678 μοι
847 1592 1032 1683 ἐπίρρωσον
1050 1590 1189 1683 σεαυτήν
1205 1596 1265 1663 καί

226 1696 272 1787 μή
290 1698 396 1787 κόμης
414 1696 449 1766 ἐκ
460 1702 519 1764 τοῦ
531 1697 664 1783 βάθους
676 1694 733 1763 τὸν
748 1694 916 1784 θησαυρὸν
929 1694 963 1776 ἐς
976 1694 1163 1785 τοῦμφανίς
1176 1722 1264 1786 προ-

226 1805 418 1888 καλουμένη.
463 1790 491 1866 ὦ
513 1805 575 1867 Ζεῦ
602 1799 759 1887 τεράστιε
779 1801 835 1866 καί
861 1801 956 1888 φίλοι
977 1799 1183 1886 Κορύβαντες
1204 1802 1264 1867 καί

223 1900 322 1994 Ἑρμῆ
335 1903 466 1993 κερδῷε,
485 1903 596 1970 πόθεν
608 1907 765 1969 τοσοῦτον
776 1907 927 1990 χρυσίον,·
945 1891 966 1989 ή
979 1925 1046 1970 που
1061 1897 1140 1990 όναρ
1155 1900 1263 1973 ταῦτά

103 2062 112 2069 .
228 2005 316 2091 ίστις
344 2008 439 2074 δέδια
460 2011 537 2092 χοῦν
557 2003 603 2092 μή
626 2002 796 2089 ἀνθρακας
817 1999 902 2093 εόρω
919 2000 1148 2093 ἀνεγρόμενος
1176 2000 1263 2071 ἀλλὰ

226 2107 290 2197 μὴν
309 2114 443 2196 χρυσίω
394 2105 620 2176 ίυνίστίνίπ
592 2112 751 2194 πίσημον,
783 2103 987 2197 ὑπέρυθρον,
1018 2105 1104 2197 βαρὺ
1126 2104 1237 2174 καί
1202 2133 1262 2196 την

226 2212 400 2300 πρόσοψιν
416 2207 646 2297 ῦπερήδιοτον.

308 2306 341 2381 Ω
356 2313 469 2401 χρυσέ,
494 2312 639 2394 δεξίωμα
656 2311 829 2379 κάλλιστον
845 2317 993 2401 βροτοῖς

227 2414 410 2499 αἰθόμενον
427 2411 489 2501 γάρ
507 2420 574 2502 πῦρ
593 2408 651 2481 δίτε
669 2415 868 2500 διαπρέπεις
888 2418 945 2482 καί
965 2414 1089 2504 νόκτωρ
1107 2415 1163 2482 καὶ
1178 2412 1259 2500 μεθ’

226 2513 360 2605 ἡμέραν.
391 2515 481 2599 ἐλθέ,
501 2506 679 2604 ὦφίλτατε
691 2517 747 2584 καί
761 2515 996 2602 ἐρασμιώτατε.
1023 2524 1079 2585 νῦν
1091 2521 1262 2602 πείθομαί

225 2644 262 2708 χο
279 2621 335 2686 καί
352 2624 418 2687 Δία
439 2619 524 2686 ποτὲ
544 2623 702 2705 γενέσθαι
721 2619 857 2704 χρυσόν·
883 2624 936 2697 τίς
955 2616 1018 2710 γάρ
1037 2615 1096 2686 οόκ
1113 2615 1153 2687 ἀν
1171 2646 1262 2707 παρ-

225 2727 326 2801 θένος
335 2718 623 2804 ἀναπεπταμένοις
630 2734 703 2801 τοῖς
714 2722 853 2800 κόλποις
862 2717 1044 2803 ἀπεδέξατο
1059 2717 1146 2790 οῦτω
1159 2720 1260 2791 καλὸν

173 2843 207 2893 42
228 2821 365 2910 ἐραστήν
384 2820 441 2889 διὰ
457 2828 517 2890 τοῦ
534 2827 649 2908 τέγους
665 2829 900 2910 καταρρέοντα,·
923 2814 950 2890 ὦ
964 2825 1055 2892 Μίδα
1072 2827 1261 2914 καὶΚροῖσε
1353 2840 1354 2893 ί

224 2926 281 2992 καί
298 2923 340 2990 τὰ
358 2923 392 2992 ἐν
408 2928 554 3012 Δελφοῖς
571 2922 773 3013 ἀναθήματα
791 2923 837 3005 ιός
855 2922 948 2994 οῦδὲν
963 2922 1030 3016 ἀρα
1043 2917 1100 3014 ήτε
1113 2924 1159 3008 ὥς
1173 2925 1261 3015 πρὸς

228 3032 361 3111 Τίμωνα
377 3029 432 3094 καί
448 3026 506 3096 τὸν
527 3032 673 3112 Τίμωνος
689 3031 847 3111 πλοῦτον,
873 3019 953 3115 ᾦχε
972 3025 1049 3097 οόδδ
1068 3026 1086 3097 δ
1103 3030 1260 3115 βασιλεῦς
1352 3086 1353 3089 ¹

187 3160 192 3186 ι
225 3125 399 3216 δΙΙεροιῦν
416 3129 499 3210 ἰ’σος.
544 3121 571 3196 ὦ
591 3131 721 3197 δίκελλα
742 3133 797 3197 καί
820 3132 961 3219 φιλτάτη
981 3133 1144 3221 διφθέρα,
1171 3129 1261 3218 ὑμᾶς

223 3232 284 3318 μέν
300 3237 347 3320 τῷ
357 3235 443 3300 Πανί
460 3233 566 3319 τοότφ
584 3229 762 3300 ἀναθεῖναι
774 3234 888 3302 καλόν·
908 3229 1007 3314 αῦτὸς
1021 3235 1057 3301 δὲ
1069 3231 1131 3323 ήδη
1145 3241 1260 3327 πᾶσαν

224 3334 407 3423 πριάμενος
423 3332 481 3424 τήν
499 3333 664 3418 ἐσχατιὰν,
692 3339 830 3425 πυργίον
853 3335 1152 3424 οἰκοδομησάμενος
1172 3332 1259 3428 ῦπέρ

221 3443 283 3506 τοῦ
296 3443 485 3525 θησαυροῦ,
503 3438 594 3525 μόνῳ
610 3435 685 3521 ἐμοὶ
700 3436 808 3505 ίκανδν
821 3436 1068 3520 ἐνδιαιτᾶσθαι,
1086 3437 1144 3507 τὸν
1159 3436 1259 3508 αάτδν

223 3539 281 3607 καὶ
295 3539 405 3629 τάφον
422 3536 607 3606 ἀποθανὼν
625 3538 708 3621 ἕξειν
724 3561 784 3624 μοι
802 3541 899 3610 δοκῶ.
936 3541 1088 3624 δεδόχθω
1104 3542 1259 3611 δὲταῦτα

222 3643 279 3708 καί
305 3641 585 3729 νενομοθετήσθω
607 3640 693 3730 πρὸς
717 3639 775 3709 τὸν
802 3641 978 3711 ἐπίλοιπον
1010 3648 1102 3728 βίον,
1140 3639 1259 3728 ἀμιξία

223 3741 311 3834 πρὸς
335 3739 487 3823 ἅπαντας
507 3745 564 3810 καί
585 3740 731 3830 ἀγνωσία
756 3747 812 3812 καί
832 3741 1020 3833 ῦπεροψία·
1055 3748 1154 3835 φίλος
1177 3741 1259 3834 δὲή

224 3848 315 3929 ξένος
340 3842 361 3933 ἢ
386 3843 517 3934 ἑταίρας
539 3842 687 3935 ήἘλόου
711 3843 826 3934 βωμὸς
851 3842 959 3927 ῦθλος
979 3847 1100 3928 πολός·
1134 3849 1190 3915 καί
1216 3845 1259 3915 τδ

224 3949 384 4037 οίκτεῑραι
411 3948 591 4038 δακρύοντα
611 3944 633 4036 ἢ
655 3947 872 4039 ἐπικουρῆσαι
893 3950 1038 4038 δεομένῳ
1063 3955 1258 4040 παρανομία
1350 3954 1351 4017 ἐ

223 4053 281 4121 καί
296 4048 473 4131 κατάλυσις
493 4055 560 4119 τῶν
582 4049 687 4120 έθιῦν·
712 4050 855 4140 μονήρης
872 4052 909 4120 δδ
925 4046 946 4141 ή
965 4052 1076 4121 δίαιτα
1096 4051 1258 4143 καθάπερ
1350 4034 1351 4053 ¹
