2722 4646
259 206 301 272 18
650 215 906 271 Αοκιωιαου
1351 250 1352 301 ,

257 321 331 392 νετδ
348 347 385 390 τε
403 322 589 409 φιλοσοφίᾳ
608 319 753 407 συνῳδὸν
770 314 827 408 τὴν
844 317 937 408 παρὰ
954 330 1025 399 τοῖς
1037 319 1202 401 τοιούτοις
1216 290 1307 391 δια-Ι

256 421 371 514 τριβὴν
392 426 447 489 καὶ
468 421 617 509 καθαρὸν
635 413 725 510 Δἦθος
748 422 894 511 φυλάξαι
916 423 1091 510 δυναμένην
1114 425 1292 512 σπουδαίῳ
1351 444 1352 515 ᾗ

257 552 294 593 τε
308 524 402 613 ἀνδρὶ
414 528 469 592 καὶ
479 526 624 592 πλούτου
638 538 855 614 καταφρονεῖν
868 526 1121 611 πεπαιδευμένῳ
1135 524 1294 616 καὶπρὸς
1351 526 1352 575 ῗ

257 627 300 697 τά
318 629 418 717 φύσει
435 624 518 695 καλά
542 628 595 716 ζῆν
613 633 864 714 προαιρουμένῳ
882 625 940 695 τὸν
962 627 1029 696 ἐκεῖ
1048 632 1121 713 βίον
1142 628 1292 712 μάλιστα

209 754 243 804 15
257 729 470 821 Ιἡρμοσμένον.
512 725 604 809 ὅστις
622 731 658 796 δὲ
674 729 819 798 πλούτου
839 728 898 819 ἐρᾷ
914 733 970 797 καί
987 737 1099 819 χρυσῶ
1117 731 1292 819 κεκήληται

257 837 314 901 καὶ
329 834 490 922 πορφύρᾳ
505 835 561 898 καὶ
577 833 753 920 δυναστείᾳ
765 846 878 923 μετρεῖ
892 831 931 900 τὸ
946 830 1110 919 εύδαιμυν,
1131 830 1291 921 ἄγευστος

256 938 316 1022 μὲν
343 926 547 1022 ίλευθερίας,
577 931 758 1023 ἀπείρατος
783 936 820 1001 δέ
845 941 1046 1024 παρρησίας,
1079 932 1226 1015 ἀθέατος
1253 937 1291 1004 δὲ

258 1036 432 1126 ἀληθείας,
460 1039 613 1125 κολακείᾳ
629 1035 671 1105 τὰ
689 1037 799 1105 πάντα
815 1041 871 1105 καὶ
892 1039 1025 1126 δουλείῳ
1043 1038 1240 1128 σύντροφος,
1268 1036 1291 1127 ἢ
1351 1032 1352 1111 ἶ

258 1137 350 1219 ὅστις
374 1137 474 1227 ἡδονῇ
501 1145 614 1206 πᾶσαν
643 1137 701 1228 τὴν
726 1138 834 1228 ψυχὴν
861 1138 1045 1227 ἐπιτρέψας
1074 1141 1177 1230 τούτῳ
1204 1141 1290 1231 μάνη

256 1241 423 1331 λατρεύειν
437 1242 596 1328 διέγνωκε,
607 1244 714 1331 φίλος
726 1244 784 1328 μὲν
797 1247 977 1329 περιέργων
990 1242 1169 1329 τραπεζῶν,
1189 1245 1291 1330 φίλος

258 1345 294 1411 δὲ
310 1344 426 1412 πότων
443 1346 498 1410 καὶ
516 1340 734 1433 ἀφροδισίων,
763 1341 936 1423 ἀνάπλεως
957 1349 1107 1431 γοητείας
1123 1347 1179 1410 καὶ
1197 1341 1290 1411 ἀπά-
1351 1410 1352 1427 ,

255 1472 314 1534 της
336 1449 391 1512 καλ
408 1448 642 1532 ψευδολογίας,
673 1443 694 1534 ἢ
712 1442 805 1526 ὅστις
823 1444 948 1514 ἀκούων
969 1451 1127 1533 τέρπεται
1143 1448 1289 1534 κρουμά-

255 1575 321 1617 των
338 1574 374 1616 τε
391 1551 446 1614 καὶ
463 1550 703 1638 τερετισμάτων
716 1552 771 1614 καὶ
785 1549 1017 1637 διεφθορότων
1031 1545 1196 1636 ᾀσμάτων,
1216 1561 1289 1628 τοῖς

206 1675 238 1724 16
259 1650 298 1739 δὴ
314 1652 480 1731 τοιούτοις
496 1657 637 1741 πρέπειν
653 1650 710 1739 τὴν
725 1651 871 1718 ἐνταῦθα
886 1651 1064 1738 διατριβήν.
1091 1653 1211 1735 μεσταὶ
1224 1650 1287 1738 γὰρ

257 1751 371 1833 αύτοῖς
384 1761 448 1821 τῶν
462 1754 631 1843 φιλτάτων
642 1760 751 1821 πᾶσαι
763 1754 822 1838 μὲν
836 1749 949 1840 ἀγυιαί
953 1804 962 1834 ,
981 1759 1091 1821 πᾶσαι
1103 1754 1141 1819 δέ
1155 1749 1287 1842 ἀγοραί·

203 1859 209 1868 ’
255 1856 398 1945 πάρεστι
413 1857 449 1923 δὲ
461 1857 588 1936 πάσαις
601 1856 723 1935 πύλαις
735 1853 792 1943 τὴν
801 1852 920 1943 ἡδονὴν
926 1856 1178 1937 καταδέχεσθαι,
1187 1861 1287 1923 τοῦτο

254 1961 313 2044 μὲν
332 1956 373 2027 δύ
389 1957 591 2048 ὀφθαλμῶν,
609 1965 706 2026 τούτο
726 1960 762 2026 δὲ
780 1956 821 2025 δι’
837 1955 930 2026 ῶτων
941 1983 978 2025 τε
993 1960 1048 2024 καὶ
1062 1960 1168 2047 ῥινῶν,
1187 1964 1286 2025 τοῦτο

256 2064 293 2130 δὲ
317 2066 373 2129 καλ
400 2061 457 2129 διὰ
483 2064 602 2144 λαιμοῦ
624 2063 679 2127 καλ
702 2057 922 2150 ἀφροδισίων·
950 2057 1006 2149 ἀφ’
1026 2050 1065 2148 ἧς
1086 2057 1126 2148 δὴ
1149 2059 1287 2149 ῥεούσης

256 2162 363 2251 ἀενάῳ
386 2188 422 2229 τε
443 2165 499 2230 καλ
520 2165 652 2250 θολερῷ
679 2163 818 2253 ῥεύματι
842 2169 952 2231 πᾶσαι
972 2164 1030 2246 μὲν
1057 2159 1286 2252 ἀνευρύνονται

256 2264 344 2334 ὁδοί·
382 2270 621 2354 συνεισέρχεται
653 2262 715 2354 γάρ
749 2272 881 2350 μοιχεία
914 2268 970 2331 καλ
1000 2267 1201 2354 φιλαργυρία
1229 2266 1286 2331 καί

256 2367 408 2455 ἐπιορκία
425 2365 536 2435 καὶτὸ
553 2374 686 2435 τοιούτο
699 2370 802 2457 φῦλον
815 2375 880 2436 τῶν
897 2364 1037 2455 ἡδονῶν·
1055 2367 1287 2456 παρασύρεται

255 2471 291 2537 δὲ
308 2476 366 2558 τῆς
383 2476 491 2558 ψυχῆς
512 2466 774 2558 ὑποκλυζομένης
796 2471 965 2538 πάντοθεν
983 2467 1086 2548 αίδῶς
1106 2473 1162 2537 καλ
1184 2467 1284 2557 ἀρετὴ

253 2575 310 2649 καί
327 2573 534 2661 δικαιοσύνη·
559 2578 625 2641 τῶν
643 2574 679 2640 δὲ
697 2572 815 2662 ἕρημος
833 2569 851 2640 δ
867 2579 975 2658 χῶρος
991 2572 1163 2659 γενόμενος
1182 2573 1286 2658 δίψης
1347 2648 1348 2675 ¹

254 2672 307 2742 ἀεί
316 2675 548 2761 πιμπλάμενος
558 2672 657 2744 ἀνθεῖ
664 2679 805 2755 πολλαῖς
812 2701 848 2743 τε
860 2678 916 2742 καὶ
929 2673 1059 2761 ἀγρίαις
1073 2673 1284 2758 ἐπιθυμίαις.

253 2779 408 2864 τοιαύτην
430 2774 596 2866 ἀπέφαινε
616 2775 674 2865 τὴν
695 2778 794 2845 πόλιν
815 2780 871 2844 καί
890 2778 1057 2845 τοσούτων
1084 2776 1284 2844 διδάσκαλον

203 2903 234 2950 17
254 2876 403 2966 ἀγαθῶν.
448 2876 538 2968 ἔγωγ’
554 2870 623 2963 σύν,
644 2879 720 2968 ἐ’φη,
749 2875 804 2947 ὅτε
825 2878 863 2946 τὸ
885 2885 1018 2967 πρῶτον
1040 2878 1194 2968 ἐπανῄειν
1212 2876 1284 2947 ἀπὸ

252 2988 310 3068 τῆς
324 2977 486 3062 Ἑλλάδος,
505 2985 645 3069 πλησίον
662 3006 728 3048 που
746 2982 918 3068 γενόμενος
939 2980 1121 3069 ἐπιστήσας
1142 2979 1284 3065 έμαυτὸν

252 3083 349 3171 λόγον
359 3079 507 3173 ἀπῄτουν
519 3090 576 3173 τῆς
590 3085 685 3174 δεῦρο
696 3080 849 3174 ἀφίξεως,
861 3082 966 3151 έκεῖνα
977 3082 1016 3171 δὴ
1029 3081 1071 3150 τὰ
1082 3080 1283 3172 τοῦὉμήρου

252 3188 369 3275 λέγων·

336 3283 425 3358 τίπτ’
441 3278 523 3370 αὖτ’,
543 3279 570 3356 ῶ
588 3288 737 3378 δύστηνε,
756 3286 864 3357 λιπὼν
882 3287 970 3379 φάος
986 3285 1132 3377 ἠελίοιο,

250 3387 308 3481 τὴν
322 3388 461 3460 Ἐλλάδα
477 3394 533 3457 καλ
549 3389 608 3481 τὴν
625 3388 772 3474 εύτυχίαν
790 3389 911 3480 ἐκείνην
931 3393 987 3461 καί
1008 3389 1066 3479 τὴν
1089 3389 1284 3484 ἐλευθερίαν

465 3489 602 3581 ἤλυθες,
626 3490 717 3584 ύφρα
733 3494 806 3582 ἰ’δῃς

249 3595 307 3666 τὸν
333 3594 481 3665 ἐνταῦθα
506 3595 667 3683 θόρυβον,
697 3596 904 3685 συκοφάντας
924 3598 980 3665 καί
1000 3597 1285 3686 προσαγορεύσεις

249 3697 485 3787 ὑπερηφάνους
501 3701 557 3767 καλ
575 3700 693 3767 δεῖπνα
710 3701 766 3767 καὶ
782 3700 922 3779 κόλακας
939 3700 994 3765 καί
1010 3705 1208 3789 μιαιφονίας
1224 3704 1285 3767 καλ

250 3794 422 3888 διαθηκῶν
439 3802 642 3889 προσδοκίας
659 3805 714 3869 καὶ
731 3806 846 3891 φιλίας
868 3801 1110 3886 έπιπλάστυνςς
1135 3797 1157 3890 ἢ
1173 3806 1210 3869 τί
1223 3805 1284 3870 καί

247 3903 389 3988 πράξειν
416 3903 589 3989 διέγνωκας
618 3902 690 3992 μήτ’
715 3901 990 3973 ἀπαλλάττεσθαι
1019 3904 1102 3994 μήτε
1129 3909 1284 3993 χρῆσθαι

250 4016 322 4084 τοῖς
337 4010 531 4073 καθεστῶσι
549 4007 740 4092 δυνάμενοςς
