2752 4632
373 250 427 336 να.
448 250 794 308 συννυκτερεύειν
815 254 935 311 ιι-υι
1113 246 1177 312 165

193 348 282 425 M'EN.
318 350 430 423 Οἶσθά
452 381 520 424 που
541 358 683 425 ταυτασί
703 355 763 437 τάς
784 356 871 448 πρὸς
891 356 948 427 τὸν
968 356 1062 449 ἥλιον
1087 358 1176 433 ἀπο-

141 459 338 541 τελουμένας
355 455 449 538 σκιάς
467 455 537 527 ἀπὸ
554 466 620 527 τῶν
638 459 816 545 σωμάτων,·

127 598 133 605 -
195 575 270 631 m
287 561 397 647 vmgvv
414 561 473 645 μὲν
492 546 571 629 οὖν.ι

191 677 282 733 ΜΕΝ.
318 653 428 732 Αὑται
452 669 575 747 τοίνυν,
603 661 739 733 ἐπειδὰν
765 661 1005 753 ἀποθάνωμεν,
1037 694 1176 758 κατηγο·

139 770 238 856 ρούσί
252 789 290 833 τε
306 767 362 833 καί
378 774 664 857 καταμαρτυροῦσι
684 770 740 834 καὶ
762 768 963 855 διελέγχουσι
983 768 1025 838 τὰ
1042 796 1175 859 πεπρα-

137 872 241 956 γμένα
258 863 337 956 ἡμῖν
353 867 447 957 παρὰ
464 866 522 936 τὸν
538 874 625 954 βίον,-
655 873 711 941 καὶ
728 870 862 960 σφόδρα
879 873 965 952 τινές
982 868 1174 954 ἀξιόπιστοι

139 970 295 1038 δοκοῦσιν
321 963 379 1038 ἀτε
406 968 460 1038 ἀεὶ
486 977 645 1039 συνοῦσαι
670 975 726 1039 καί
750 974 918 1061 μηδέποτε
947 971 1173 1064 ἀφιστάμεναι

135 1078 205 1140 τῶν
223 1073 396 1157 σωμάτων.
433 1068 451 1140 ὑ
471 1069 501 1139 δ’
518 1064 575 1141 οὑν
592 1079 704 1155 Μίνως
725 1072 890 1161 ἐπιμελῶς
911 1074 1067 1158 ἐξετάζων
1089 1075 1173 1146 ἀπέ-
1192 1103 1225 1151 12

136 1200 271 1260 πεμπεν
289 1174 424 1242 ἕκαστον
439 1174 472 1258 ές
488 1174 546 1243 τόν
563 1183 629 1244 τῶν
642 1172 771 1262 ἀσεβῶν
781 1185 889 1268 χοῖρον
903 1180 997 1269 δίκην
1010 1178 1173 1269 ὑφέξοντα

137 1275 207 1345 κατ>
220 1275 315 1359 ἀξίαν
326 1284 393 1344 τῶν
404 1280 657 1366 τετολμημένων,
677 1283 733 1346 καὶ
746 1282 892 1364 μάλιστα
907 1280 1036 1351 έκείνων
1047 1278 1171 1372 ἥπτετο

136 1386 206 1448 τῶν
225 1378 282 1447 έπλ
294 1380 453 1461 πλούτοις
469 1405 506 1448 τε
523 1384 579 1449 καὶ
596 1379 712 1468 ἀρχαῖς
729 1390 966 1473 τετυφωμένων
982 1388 1038 1452 καλ
1054 1411 1174 1471 μονον-

137 1485 213 1567 ουχὶ
229 1485 284 1550 καὶ
306 1489 570 1572 προσκυνεῖσθαι
587 1487 842 1573 περιμενόντων,
869 1487 928 1576 τήν
944 1513 981 1555 τε
1003 1484 1173 1577 ὀλιγοχρό-

136 1611 209 1654 νιον
227 1583 419 1668 ἀλαζονείαν
437 1582 544 1654 αὑτῶν
561 1589 617 1653 καὶ
633 1585 690 1675 τὴν
708 1584 898 1677 ὑπεροψίαν
915 1591 1169 1676 μυσαττόμενος,

135 1691 194 1755 καὶ
213 1684 266 1756 ότι
281 1687 327 1778 μὴ
347 1687 524 1778 ἐμέμνηντο
541 1695 663 1777 θνητοί
683 1715 719 1756 τε
741 1687 833 1771 όντες
851 1689 947 1760 αὑτοὶ
967 1696 1024 1760 καὶ
1040 1700 1172 1782 θνητῶν

136 1786 278 1878 ἀγαθῶν
304 1792 527 1880 τετυχηκότες·
564 1791 599 1859 οἱ
624 1792 660 1858 δὲ
687 1788 937 1878 ἀποδυσάμενοι
965 1794 1008 1861 τδι
1034 1793 1171 1886 λαμπρά
1195 1826 1202 1867 ·.

12 1891 17 1899 ’
137 1893 245 1961 ἐκεῖνα
265 1894 388 1977 πάντα,
419 1895 586 1974 πλούτους
606 1896 688 1980 λέγω
710 1897 766 1961 καὶ
786 1899 860 1983 γένη
886 1899 942 1963 καὶ
968 1897 1169 1977 δυναστείας,

135 2000 254 2084 γυμνοὶ
271 1997 360 2064 κάτω
379 1998 561 2078 νενευκότες
577 1997 839 2087 παρειστήκεσαν
857 1992 971 2083 ὥσπερ
993 1997 1068 2066 τινὰ
1087 1997 1172 2067 ἀνει-

135 2124 195 2189 ρον
218 2096 532 2184 ἀναπεμπαζόμενοι
555 2097 614 2187 ’τὴν
636 2097 714 2187 παρ’
728 2097 807 2187 ἡμῖν
830 2097 1054 2185 εύδαιμονίαν·
1086 2096 1173 2169 ιὺστε

136 2201 239 2289 ἐ’γωγε
256 2199 353 2277 ταῦθ’
371 2198 456 2289 όριῦν
473 2199 688 2291 ὑπερέχαιρον
701 2205 756 2269 καὶ
771 2201 804 2271 εἴ
813 2229 886 2270 τινα
898 2209 1095 2293 γνωρίσαιμι
1113 2199 1173 2270 αὑ-

134 2310 216 2385 τῶν,
236 2302 386 2392 προσιὼν
404 2301 443 2371 ἀν
461 2301 563 2392 ἡσυχῆ
581 2331 655 2385 πως
672 2302 916 2392 ὑπεμίμνησκον
934 2305 1005 2386 οἶος
1019 2297 1060 2396 ἦν
1078 2303 1171 2395 παρὰ

133 2405 194 2475 τὸν
212 2412 285 2491 βίον
301 2409 359 2474 καλ
374 2404 485 2494 ἡλίκον
504 2405 612 2496 ἐφύσα
629 2408 718 2486 τότε,
737 2403 831 2494 ἡνίκα
848 2411 970 2476 πολλοὶ
986 2410 1045 2494 μὲν
1063 2408 1171 2476 ἕωθεν
1275 2440 1277 2445 ·

135 2508 197 2576 ἐπὶ
214 2515 279 2576 τῶν
296 2510 457 2577 πυλώνων
474 2510 735 2598 παρειστήκεσαν
752 2507 810 2597 τήν
827 2511 974 2599 πρόοδον
991 2507 1092 2577 αὑτοῦ
1110 2536 1172 2578 πε-

134 2615 322 2701 ριμένοντες
348 2609 540 2698 ὠθούμενοί
563 2636 599 2679 τε
625 2615 681 2677 καί
709 2608 964 2696 ἀποκλειόμενοι
993 2609 1080 2699 πρὸς
1105 2617 1172 2679 τῶν

45 2732 53 2741 ·
135 2714 287 2783 οἰκετῶν·
312 2711 330 2783 ό
350 2716 385 2782 δὲ
402 2716 500 2803 μόγις
513 2710 553 2782 ἀν
566 2740 649 2782 ποτε
664 2711 836 2794 ἀνατείλας
849 2711 963 2792 αὐτοῖς
976 2718 1171 2803 πορφυροῦς

132 2842 189 2897 τις
207 2814 227 2905 ἢ
245 2824 442 2907 περίχρυσος
458 2814 480 2906 ἢ
498 2818 708 2899 διαποίκιλος
724 2814 920 2903 εύδαίμονας
933 2811 1016 2904 ᾤετο
1034 2818 1089 2882 καὶ
1106 2840 1171 2900 μα-

108 2925 272 3005 ’καρίσυς
291 2917 489 3008 ἀποφαίνειν
510 2917 588 3000 τούς
608 2921 868 3008 προσειπόντας,
898 2915 919 3007 ἢ
939 2915 978 2987 τό
1002 2924 1128 3006 στῆθος
1149 2913 1171 3005 ἢ

132 3019 196 3109 τὴν
210 3022 319 3104 δεξιὰν
332 3029 512 3112 προτείνων
524 3027 727 3113 καταφιλεῖν.
760 3023 877 3090 ἐκεῖνοι
889 3023 948 3106 μὲν
962 3011 1019 3088 σύν
1031 3018 1170 3108 ἠνιῶντο

134 3121 321 3205 ἀκούοντες.
347 3132 395 3213 τῴ
412 3126 548 3214 δὲΜίνφ
562 3131 623 3212 μία
640 3151 691 3204 τις
707 3123 862 3215 καὶπρὸς
878 3124 972 3212 χάριν
990 3121 1169 3211 ἐδικάσθη·
1190 3142 1222 3191 13

133 3225 195 3298 τὸν
211 3227 274 3317 γάρ
291 3253 345 3296 τοι
362 3229 558 3317 Σικελιώτην
576 3226 750 3296 Διονύσιον
767 3223 876 3294 πολλὰ
893 3230 948 3294 καὶ
967 3225 1085 3294 ἀνόσια
1101 3222 1170 3292 ὑπό

133 3356 174 3399 τε
190 3337 318 3411 Δίωνος
333 3336 600 3420 κατηγορηθέντα
616 3332 672 3395 καὶ
692 3325 759 3395 ὑπὸ
777 3335 837 3416 τῆς
853 3335 947 3408 σκιάς
963 3352 1171 3414 καταμαρτυ-

134 3440 284 3525 ρηθέντα
308 3433 490 3525 παρελθὼν
508 3430 723 3520 Ἀρίστιππος
745 3426 764 3496 ό
786 3439 969 3516 Κυρηναῖος
985 3467 1029 3478 -
1051 3423 1170 3514 ἀγουσι

136 3537 170 3609 δ’
187 3537 286 3607 αὑτὸν
309 3537 343 3606 έν
363 3543 442 3626 τιμῇ
464 3537 520 3602 καὶ
543 3535 681 3602 δύναται
701 3535 854 3618 μέγιστον
877 3529 998 3610 ἐντοῖς
1019 3530 1109 3597 κάτω
1127 3565 1170 3579 ·-

134 3650 254 3731 μικροῦ
273 3643 342 3710 δεῖν
357 3647 398 3731 τῇ
416 3643 566 3726 Χιμαίρᾳ
587 3636 825 3724 παραδοθέντα
846 3635 1012 3721 παρέλυσε
1033 3638 1091 3720 τής
1112 3656 1170 3697 κα-

134 3746 272 3833 ταδίκης
296 3749 398 3833 λέγων
419 3744 558 3820 πολλοῖς
580 3736 678 3807 αὑτὸν
702 3743 769 3807 τῶν
790 3736 1062 3820 πεπαιδευμένων
1083 3730 1170 3821 πρὸς

119 3846 293 3937 ,ἀργύριον
314 3852 471 3936 γενέσθαι
494 3842 611 3925 δεξιόν.
646 3837 852 3919 ἀποστάντες
875 3835 907 3904 δ’
920 3836 1016 3926 ἡμεῖς
1037 3842 1096 3903 τοῦ
1119 3835 1170 3903 δι·
1189 3856 1222 3905 14

130 3957 315 4041 καστηρίου
337 3948 423 4039 πρὸς
444 3947 482 4017 τδ
500 3944 715 4034 κολαστήριον
737 3939 980 4032 ἀφικνούμεθα.
1016 3938 1099 4007 ένθα
1118 3935 1167 4025 δή,
1193 3966 1201 3976 ’

137 4044 168 4122 αλ
190 4056 281 4143 φίλε,
317 4052 427 4133 πολλὰ
452 4055 508 4119 καὶ
535 4046 658 4118 ἀλεεινά
683 4037 721 4135 ἦν
747 4041 968 4137 καὶιάκοὺσαι
989 4044 1045 4111 καὶ
1073 4041 1168 4108 ἰδεῖν·
