2722 4646
230 185 274 250 52
616 194 872 251 ΔΟΥΚΙΑΝΟΥ

229 327 297 383 τες,
322 295 372 381 ῶς4
386 297 423 382 έξ
439 295 584 387 δρνίθων
600 296 749 387 γόναῖκές
766 326 850 368 ποτε
868 299 1013 390 ἐγένοντο
1031 297 1052 390 ἢ
1071 290 1207 389 δρνιθες
1228 299 1272 374 ἔτι

229 409 405 494 γνναινῶνς
424 399 548 482 παντὸς
564 400 627 493 γὰρ
643 405 769 488 μᾶλλον
786 399 947 472 ἀδύνατον
965 409 1120 493 φαίνεται
1136 411 1206 474 πᾶν
1224 404 1267 474 τὸ

230 513 393 577 τοιοῦτον.

197 630 214 682 ς
284 618 339 671 ΣΩ.
365 600 488 698 ἷΩφίλε
496 615 684 698 Χαιρεφῶν,
705 607 855 695 ἐοίκαμεν
868 606 963 699 ἡμεῖς
980 618 1045 680 τῶν
1063 613 1211 681 δυνατῶν
1228 635 1272 682 τε

230 714 288 780 καί
310 709 479 781 ἀδυνάτων
499 708 701 798 ἀμβλυωποί
720 737 807 797 τινες
833 709 917 781 εἶναι
941 714 1051 804 κριταί
1077 717 1268 796 παντελῶς·

232 814 449 901 δονιμάζομεν
466 811 528 903 γάρ
548 812 587 904 δὴ
605 813 688 905 κατὰ
707 814 845 900 δύναμιν
862 812 1076 906 ἀνθρωπίνην
1099 813 1271 906 ἄγνωστον

232 908 334 986 οὖσαν
351 920 405 984 καὶ
425 913 566 985 ἀπιστον
583 920 639 984 καὶ
653 913 809 1004 ἀόρατον·
828 917 937 986 πολλὰ
952 910 1007 988 οὖν
1021 926 1174 1009 φαίνεται
1187 917 1271 1009 ἡμῖν

232 1024 367 1089 καὶτῶν
381 1016 532 1106 εὐπόρων
546 1016 659 1109 ἀπορα
671 1023 728 1087 καὶ
739 1026 805 1088 τῶν
818 1019 960 1111 ἐφικτῶν
975 1020 1144 1112 ἀνέφικτα,
1164 1022 1272 1113 συχνὰ

230 1123 290 1210 μὲν
300 1117 507 1210 δι’ἀπειρίαν,
515 1121 615 1206 συχνὰ
625 1122 661 1189 δὲ
670 1126 726 1189 καὶ
735 1120 791 1191 διὰ
800 1124 1124 1215 νηπιότηταφρενῶν·
1138 1132 1184 1214 τῷ
1195 1122 1272 1194 ἀντι

230 1224 293 1315 γάρ
307 1225 425 1313 νήπιος
440 1224 542 1292 ἔοικεν
556 1222 641 1292 εἶναι
653 1232 721 1305 πᾶς
734 1224 929 1313 ἄνθρωπος,
948 1230 1004 1294 καὶ
1018 1223 1036 1294 ό
1050 1228 1136 1295 πάνυ
1150 1233 1268 1316 γέρων,

232 1328 309 1399 ἐπεί
324 1353 378 1395 τοι
394 1326 510 1416 μικρὸς
526 1328 614 1396 πάνυ
627 1331 683 1395 καὶ
696 1329 841 1415 νεογιλὸς
854 1327 872 1397 ό
887 1337 946 1397 τοῦ
959 1336 1035 1413 βίον
1048 1331 1165 1416 χρόνος
1178 1329 1271 1419 πρὸς

231 1428 289 1498 τδν
301 1430 412 1499 πάντα
425 1430 540 1498 αἰῶνα.
566 1438 601 1499 τί
614 1429 644 1498 δ’
657 1428 705 1513 ἀν,
727 1422 855 1517 ὦγαθὲ,
876 1432 909 1499 οἱ
922 1430 1113 1519 ἀγνοοῦντες
1125 1431 1186 1513 τὰς
1198 1440 1273 1500 τῶν

231 1537 323 1600 θεῶν
344 1536 399 1600 καλ
422 1535 600 1617 δαιμονίων
623 1534 778 1619 δυνάμεις
800 1534 902 1619 όχοιεν
923 1532 965 1602 ἀν
984 1535 1099 1617 εἰπεῖν,
1122 1535 1274 1624 πότερον

233 1633 370 1703 δυνατὸν
394 1631 417 1724 ἢ
440 1632 601 1704 ἀδύνατόν
622 1663 655 1703 τι
675 1643 742 1704 τῶν
763 1637 941 1721 τοιούτων,
967 1636 1119 1723 ἑόρακας,
1142 1647 1273 1723 Χαιρεη

233 1743 316 1828 φῶν,
339 1743 450 1827 τρίτην
468 1735 590 1828 ἡμέραν
609 1734 688 1819 όσος
704 1730 743 1827 ἦν
761 1736 779 1807 ό
796 1739 938 1825 χειμιόνς
961 1736 1020 1806 κάν
1042 1738 1271 1827 δνθομηθέντι

230 1839 295 1930 γάρ
317 1867 364 1929 τῳ
388 1841 462 1920 δέος
484 1839 627 1916 ἐπέλθοι
642 1839 703 1922 τὰς
722 1839 895 1929 ἀστραπὰς
914 1842 1038 1941 ἐκείνας
1053 1845 1109 1910 καὶ
1124 1840 1273 1931 βροντὰς

233 1939 361 2029 ἀνέμων
377 1968 413 2011 τε
432 1942 561 2025 ἐξαίσια
579 1950 723 2032 μεγέθη·
740 1942 903 2031 ὑπέλαβεν
917 1941 956 2012 ἀν
971 1971 1021 2026 τις
1038 1943 1097 2034 τὴν
1115 1945 1274 2028 οίκονμέη

198 2065 216 2115 4
231 2072 288 2135 νην
306 2041 441 2115 ἀπασαν
458 2049 514 2113 καὶ
532 2045 570 2135 δὴ
590 2054 850 2132 συμπεσεῖσθαι.
890 2045 973 2133 μετὰ
990 2044 1106 2137 μικρὸν
1125 2048 1161 2115 δὲ
1178 2053 1271 2114 San-1

231 2147 341 2238 μαστή
363 2175 414 2228 τις
435 2149 636 2229 κατάστασις
658 2147 770 2228 εόδίας
792 2149 915 2237 ἐγένετο
933 2153 989 2217 καλ
1007 2152 1165 2234 διέμεινεν
1183 2145 1271 2236 αὕτη

232 2275 269 2339 γε
293 2250 355 2331 ἕως
375 2257 434 2318 τοῦ
455 2258 525 2319 νῦν·
553 2253 706 2346 πότερονΙ
719 2243 774 2319 οάν
794 2254 857 2320 οἴει
874 2253 986 2339 μεῖζόν
1003 2279 1038 2321 τι
1054 2254 1109 2318 καὶ
1129 2250 1270 2341 ἐργωδέ-

151 2339 162 2365 ’
234 2376 348 2445 στερον
372 2351 456 2421 εἶναι
476 2354 631 2440 τοιαύτην
654 2355 792 2443 αἰθρίαν
810 2355 846 2438 ἐξ
863 2355 984 2444 ἐκείνης
1000 2362 1059 2443 τῆς
1077 2352 1274 2423 ἀνοποστά,

232 2479 291 2524 του
318 2457 482 2535 λαίλαπος
506 2459 562 2523 καί
587 2464 728 2546 ταραχῆς
753 2466 950 2542 μεταθεῖναι
976 2461 1032 2525 καλ
1058 2457 1106 2537 είς
1126 2458 1274 2544 γαλήνην

234 2553 406 2646 ἀναγαγεῖν
432 2558 489 2627 τὸν
516 2554 648 2627 ἅπαντα
673 2562 806 2645 κόσμον,
835 2558 857 2650 ἢ
877 2558 1029 2649 γυναικὸς
1052 2557 1140 2640 εἶδος
1164 2585 1271 2644 μετα-

233 2662 387 2732 πλασθέν
405 2660 452 2740 είς
472 2659 609 2749 ὄρνιθός
625 2689 714 2743 τινος
731 2670 888 2751 ποιῆσαις
906 2662 1017 2749 τὸμὲν
1034 2661 1096 2750 γὰρ
1114 2669 1269 2730 τοιοῦτον

232 2765 288 2831 καὶ
309 2761 352 2830 τδι
372 2764 539 2853 παιδάρια
559 2762 603 2831 τδι
623 2762 701 2853 παρ’
716 2762 793 2853 ἡμῖν
814 2763 857 2833 τὰ
874 2765 1031 2859 πλάττειν
1049 2764 1267 2849 ἐπιστάμενοι,

233 2861 339 2952 πηλὸν
357 2860 378 2954 ἢ
396 2863 492 2952 κηρδν
510 2862 589 2934 όταν
606 2867 704 2956 λάβῃ,
724 2869 848 2957 ῥηιδίως
866 2866 901 2934 ἐκ
917 2875 977 2936 τοῦ
991 2866 1091 2936 αὐτοῦ
1105 2869 1271 2949 πολλάκις
1349 2878 1353 2887 ’

235 2962 332 3054 όγκον
350 2970 625 3055 μετασχηματίζει
645 2969 773 3050 πολλὰς
796 2971 891 3038 ίδεῶν
914 2971 1040 3060 φάσεις.
1076 2978 1124 3059 τῷ
1147 2972 1272 3057 δαιμο-

233 3073 293 3157 νίῳ
317 3067 356 3159 δη
378 3071 520 3161 μεγάλην
542 3075 598 3139 καὶ
616 3070 653 3139 οδ
673 3071 858 3162 συμβλητὴν
875 3070 1038 3161 ὑπεροχὴν
1056 3072 1162 3156 ίχοντι
1179 3071 1269 3163 πρὸς

232 3166 295 3251 τὰς
323 3167 482 3262 ἡμετέρας
513 3176 667 3260 δυνάμεις
695 3173 808 3264 εὐχερῆ
833 3174 930 3259 τυχὸν
956 3176 1038 3256 ’ίσως
1064 3172 1198 3246 ἅπαντα
1222 3176 1269 3244 τά

232 3280 372 3343 τοιαῦτα
388 3279 443 3343 καὶ
461 3279 549 3344 λεῖα·
568 3276 643 3345 ἐπεὶ
659 3276 716 3346 τὸν
735 3274 810 3346 ὅλον
829 3275 967 3368 οάρανδν
983 3280 1082 3368 πόσην
1099 3281 1165 3348 τινὶ
1184 3272 1273 3348 σαν,

232 3382 293 3445 τοῦ
311 3378 419 3458 δοκεῖς
436 3375 521 3447 εἶναι
538 3380 657 3464 μείζω,·
679 3382 826 3470 φράσαις
843 3378 899 3466 ἀν,·

200 3501 216 3551 ε
284 3487 384 3545 ΧΑΙΡ.
417 3487 473 3561 Τίς
491 3481 522 3550 δ’
535 3479 736 3569 ἀνθρώπων,
755 3475 782 3550 ὦ
800 3485 985 3575 Σώκρατες,
1004 3491 1123 3574 νοῆσαι
1141 3482 1266 3555 δύναιτ’

234 3577 274 3651 ἀν
290 3574 312 3672 ἢ
330 3580 494 3670 ὀνομάσαι
510 3612 544 3654 τι
561 3592 627 3653 τῶν
639 3587 815 3671 τοιοότων;
835 3586 911 3657 οὐδὲ
924 3585 987 3676 γὰρ
1000 3588 1106 3656 εἰπεῖν
1120 3586 1284 3677 ἐφικτόν,

284 3692 340 3749 ΣΩ.
373 3685 494 3756 Οάκουν
512 3687 551 3777 δη
570 3695 763 3778 θεωροῦμεν
779 3694 836 3758 καὶ
853 3688 1045 3779 ἀνθρώπων
1063 3687 1148 3779 πρὸς
1166 3687 1268 3778 ἀλλή-

233 3790 311 3869 λους
323 3794 597 3877 συμβαλλομένων
609 3784 753 3882 μεγάλας
766 3791 858 3874 τινὰς
869 3790 1034 3882 ὑπεροχὰς
1043 3792 1076 3862 έν
1084 3805 1158 3872 ταῖς
1168 3793 1269 3860 δυνά-

232 3914 310 3975 μεσι
327 3896 383 3960 καὶ
401 3892 434 3963 δν
450 3907 525 3975 ταῖς
542 3893 738 3981 ἀδοναμίαις
754 3894 983 3987 ὗπαρχοόσαςς
1005 3894 1025 3984 ἦ
1043 3896 1106 3986 γὰρ
1123 3902 1190 3964 τῶν
1208 3891 1271 3961 ἀν·

234 3991 321 4083 δρῶν
334 3990 445 4084 ἡλικία
452 3996 544 4090 ιπρδς
556 3998 597 4069 τὰ
611 4001 715 4091 νήπια
727 4003 896 4079 παντελῶς
903 4004 1021 4091 βρέφη,
1036 3999 1078 4067 τὰ
1087 4002 1272 4085 πεμπταῖον
