2752 4632
225 225 290 305 259
557 250 563 255 ·
610 239 864 297 AofflANor

225 346 281 411 καὶ
307 340 562 429 ἀποκλειόμενον
588 347 643 413 καλ
670 341 880 428 ἀναίσχυντον
906 343 1009 415 ἐνίοτε
1035 349 1090 415 καλ
1116 343 1254 438 ὀχληρὸν

226 447 384 517 δοκοῦντα
409 443 477 515 ύπό
500 454 644 536 θυρωρῷ
670 448 966 537 κακῶςΣυρίζοντι
984 451 1047 516 1καὶ
1072 446 1255 537 ἀνομακλῆε

213 556 300 637 ’τορι
320 554 455 636 Λιβυκῷ
477 546 672 634 ταττόμενον
692 553 749 619 καὶ
769 548 898 634 μισθὸν
917 553 1073 620 τελοῦντα
1094 557 1152 639 τῆς
1172 551 1255 642 μνῆ,

224 676 289 738 μης
306 657 363 721 τοῦ
383 647 558 736 ὀνόματος·
579 654 635 719 καί
651 651 715 740 μῆν
731 655 787 720 καί
805 650 947 741 ἐσθῆτος
964 650 1047 742 ὑπὲρ
1069 651 1127 741 τὴν
1143 650 1256 745 όπάρ-

224 766 347 837 χουσοιν
374 753 509 839 δύναμιν
536 753 779 844 ἐπιμεληθῆναι
802 752 863 844 χρῆ
889 752 977 844 πρὸς
1001 753 1122 823 τὸτοῦ
1147 764 1256 847 θερα·

224 860 409 940 πετομένου
429 854 558 942 ἀξίωμα
574 861 630 926 καὶ
641 859 800 946 χρώματα
812 857 994 944 αἱρεῖσθαι,
1015 856 1066 938 οἷς
1079 856 1119 925 ἀν
1133 856 1255 940 ἐκεῖνος

224 953 354 1048 ἥδεται
373 956 421 1040 ὥς
436 957 481 1049 νὴ
501 957 632 1050 ἆνύύυς
648 961 732 1049 μηδὲ
748 961 955 1050 νεοττεύειν
966 961 1179 1046 βλεπόμενος,
1198 965 1255 1030 καὶ

225 1061 419 1149 φιλοπόνως
438 1063 598 1145 ἕπεσθαι,
621 1067 746 1149 μᾶλλον
764 1064 801 1130 δέ
817 1060 976 1151 ἡγεῖσθαι
997 1060 1066 1131 ἀπὸ
1082 1070 1149 1131 τιῦν
1168 1064 1255 1133 οἶκε·

225 1165 624 1253 τῶνπροωθούμενσνκαὶ
633 1162 746 1255 ὥσπερ
759 1163 833 1234 τινά
845 1163 983 1254 πομπὴν
992 1163 1252 1255 ἀναπληροῦντα.
1359 1204 1360 1235 ;

175 1286 207 1336 11
225 1260 245 1335 ό
261 1267 297 1334 δέ
312 1263 387 1334 οῦδὲ
400 1271 605 1356 προσβλέπει
613 1270 746 1337 πολλῶν
756 1267 828 1357 ἑξῆς
840 1265 978 1358 ῆμεριῦν.
1004 1265 1044 1357 ἢν
1055 1269 1095 1335 δέ
1106 1272 1255 1336 ποτεναὶ

226 1364 346 1455 ἀόριστα
363 1371 501 1460 πράξῃς,
520 1374 576 1439 καὶ
592 1372 648 1460 ύόη
666 1395 703 1439 σε
720 1373 776 1438 καλ
792 1374 1022 1459 προσκαλέσας
1035 1371 1149 1460 ’ἔρηταί
1160 1398 1194 1439 τι
1207 1362 1254 1439 ὦν

226 1467 266 1555 ἀν
283 1471 377 1561 τύχη,
403 1474 481 1542 τότε
499 1471 538 1562 δὴ
556 1474 632 1543 τότε
649 1471 754 1554 πολύς
769 1474 829 1559 μέν
847 1470 867 1540 ό
885 1472 997 1563 λόρὼς,
1026 1470 1158 1563 ἀθρόος
1179 1475 1216 1541 δέ
1234 1472 1253 1542 ό

224 1574 348 1662 ἰ’λιγγος
364 1579 421 1644 καὶ
437 1577 558 1667 τρόμος
575 1572 711 1663 ἀκαιρος
727 1579 785 1643 καί
799 1579 901 1664 γέλως
917 1583 982 1645 τῶν
1003 1576 1177 1666 παρόντων
1196 1576 1254 1644 ἐπὶ

223 1683 263 1764 τῇ
287 1673 429 1768 ἀπορίη·
455 1681 511 1746 καί
531 1681 692 1760 πολλάκις
713 1676 963 1768 ἀποκρίνασθαι
985 1680 1072 1777 δέον,
1097 1685 1152 1759 τίς
1173 1670 1211 1768 ῆν
1234 1675 1252 1747 ὅ

223 1779 379 1864 βασιλεὺς
396 1780 615 1865 τιῦνλίχαιῦν,
635 1778 688 1851 ότι
702 1786 808 1866 χίλιαι
824 1787 897 1871 νῆες
913 1773 997 1870 ῆσαν
1010 1778 1123 1863 αὐτοῖς
1138 1786 1252 1870 λέγεις.

224 1887 322 1949 τοῦτο
341 1884 374 1950 ολ
390 1885 449 1968 μέν
464 1888 600 1974 χρηστοὶ
618 1886 703 1953 αἰόιῦ
721 1884 884 1965 ἐκάλεσαν,
906 1884 938 1952 ολ
956 1886 992 1952 δὲ
1009 1888 1166 1974 τολμηροὶ
1186 1885 1253 1953 ἀει-

223 1983 306 2066 λίαν,
322 1985 356 2053 ολ
365 1987 401 2054 όέ
409 1989 587 2076 κακοήθεις
597 1984 826 2056 ἀπαιδευσίαν.
851 1977 1253 2076 σὺόῗοάνέπιοφαλεστάι

223 2111 282 2173 της
299 2094 476 2175 πειραθεὶς
492 2096 550 2178 τῆς
567 2090 702 2180 πρώτης
719 2091 965 2180 φιλοφροσύνης
982 2086 1136 2178 ἀπῆλθες
1152 2115 1252 2156 κατα-

224 2190 363 2272 δικάσας
381 2199 519 2261 σεαυτοῦ
538 2191 661 2280 πολλῆν
678 2191 736 2280 τῆν
755 2189 951 2280 ἀπόγνωσιν.
989 2188 1125 2274 έπειάἀν
1143 2191 1180 2258 ἀλ

322 2382 324 2388 Ι
476 2295 604 2375 πολλὰς
619 2296 679 2380 μέν
697 2293 843 2375 άῦπνοας
860 2296 974 2375 νύκτας
992 2294 1121 2383 ἰαύσῃς,

321 2395 431 2487 ῆματα
449 2396 481 2468 δ’
498 2400 697 2484 αἱματόεντα

224 2502 394 2591 ἀναγάγῃς,
425 2499 464 2570 ού
482 2500 530 2587 μὰ
547 2509 612 2571 Δία
633 2508 692 2589 τῆς
705 2499 831 2589 Ἑλένης
852 2500 942 2570 ἓνεκα
964 2497 1043 2568 ούόὲ
1064 2507 1130 2573 τῶν
1146 2500 1252 2588 Πριά-

223 2630 288 2690 μου
314 2605 509 2692 Περγάμων,
541 2602 626 2672 ἀλλὰ
651 2611 718 2672 τῶν
744 2604 963 2688 ἐλπιζομένων
989 2608 1086 2671 πέντε
1114 2600 1249 2688 ὀβολῶν,

223 2708 321 2796 τύχης
340 2708 376 2775 ἀὲ
393 2711 447 2774 καὶ
464 2716 617 2798 τραγικοῦ
635 2734 723 2788 τινος
745 2714 829 2774 θεοῦ
852 2707 1076 2787 συνιστάντος,
1105 2704 1252 2787 ἐξέτασις

223 2809 418 2879 τούντεῦθεν
436 2811 466 2878 εί
479 2807 589 2878 ὀἶσθα
606 2809 648 2878 τά
666 2811 865 2897 μαθήματα·
887 2811 1006 2896 καὶτῷ
1024 2809 1082 2892 μὲν
1100 2810 1251 2895 πλουοίιμ

224 2910 244 3002 ῆ
264 2911 414 3001 διατριβὴ
436 2910 495 2980 οῦκ
513 2911 615 3001 άηόῆς
632 2912 856 2998 ἐπαινουμένῳ
873 2913 928 2978 καὶ
946 2907 1250 2998 εύόαιμονιζομένεμ,

165 3009 169 3021 ’
225 3019 280 3084 σοὶ
298 3015 334 3081 ἀὲ
352 3011 370 3081 ό
388 3011 471 3103 όπέρ
485 3021 543 3102 τῆς
555 3018 662 3103 ψυχῆς
675 3012 763 3102 ἀγὼν
774 3016 831 3080 καὶ
842 3010 928 3101 ύπέρ
943 3008 1091 3092 ἅπαντος
1100 3019 1162 3079 τοῦ
1174 3016 1251 3097 βίον

224 3118 300 3185 τότε
318 3123 522 3204 προκεῖσθαι
536 3117 639 3184 δοκεῖ’
656 3113 884 3203 ύπεισέρχεται
896 3113 960 3202 γὰρ
969 3113 1108 3194 εἰκότως
1119 3112 1158 3182 τὸ
1170 3110 1250 3201 μηδ’

223 3218 280 3289 ἀπ’
296 3215 395 3287 ἀλλον
415 3215 455 3286 ἀν
472 3220 715 3307 καταδεχθῆναι
732 3217 817 3307 πρὸς
839 3224 898 3286 τοῦ
921 3222 1083 3303 προτέρου
1103 3212 1254 3303 ἀποβλη-

223 3328 327 3392 θέντα
337 3325 393 3389 καί
407 3322 547 3403 δόξαντα
560 3318 644 3390 εἶναι
658 3319 824 3405 ἀδόκιμον.
852 3316 971 3408 ἀνάγκη
982 3325 1091 3387 τοίνυν
1104 3316 1138 3398 ἐς
1149 3323 1254 3407 μυρία

225 3428 437 3515 διαιρεθῆναι
457 3425 534 3493 τότε
555 3437 627 3504 τοῖς
648 3424 707 3508 μὲν
731 3420 1032 3508 ἀντεξεταζομένοις
1058 3427 1254 3510 φθονοῦντα

224 3566 267 3581 --
284 3535 376 3596 τίθει
392 3525 455 3615 γάρ
477 3530 533 3594 καί
554 3522 673 3606 ἀλλους
696 3523 866 3595 εἶναιτῶν
888 3522 995 3595 αάτιῦν
1017 3520 1255 3607 ἀντιποιουμέ·
1359 3574 1360 3599 ,

223 3657 299 3711 νοος
316 3670 359 3681 -
378 3626 475 3697 αύτὸν
493 3629 530 3696 ῦέ
546 3631 657 3696 πάντα
676 3627 792 3707 ἐνδεοῦς
810 3627 969 3713 εἰρηκέναι
985 3616 1168 3711 νομίζοντα,
1188 3649 1254 3713 φο-

222 3735 381 3820 βούμενον
400 3732 436 3800 δέ
452 3734 508 3800 καί
526 3730 698 3813 ἐλπίζοντα
710 3732 765 3796 καλ
779 3728 866 3819 πρὸς
877 3727 915 3797 τὸ
931 3728 1052 3796 ἐκείνου
1064 3728 1254 3817 πρόσωπον

224 3831 409 3918 ἀτενίζοντα
426 3836 482 3901 καί
495 3834 527 3902 εί
536 3835 595 3919 μὲν
609 3831 798 3921 ἐκφαυλίζοι
811 3857 844 3899 τι
856 3838 921 3898 τιῦν
935 3834 1123 3918 λεγομένων,
1144 3826 1254 3897 ἀπολ-
1359 3830 1360 3839 ’

224 3939 372 4023 λύμενον,
401 3936 442 4007 εά
458 3937 495 4004 δέ
520 3937 656 4021 μειῦιιῦν
684 3931 812 4015 ἀκούοι,
844 3933 1011 4021 γεγηθότα
1036 3933 1092 3999 καί
1117 3927 1252 4000 εὔελπιν

175 4060 208 4112 ιε
226 4040 479 4126 καθιστάμενον.
515 4037 601 4119 είκὸς
619 4039 655 4106 δέ
676 4036 820 4117 πολλοῦς
837 4033 921 4104 εἶναι
942 4034 1021 4116 τοὺς
1042 4034 1172 4104 ἐναντία
1195 4059 1253 4104 σοι
1359 4042 1360 4045 ’
