2740 4648
1279 26 1345 269 ’λ

246 247 312 316 334
374 210 378 217 1
628 261 884 318 ΔΟΥΚΙΑΝΟΥ
1018 286 1021 290 ’
1295 278 1301 287 ·
1342 292 1345 325 η

243 369 328 457 μήνη
351 364 369 436 ό
393 363 574 455 σαλπικτὴς
594 367 650 433 καὶ
672 367 728 456 δέη
752 369 1005 453 συμπλέκεσθαι
1024 367 1081 434 καί
1106 365 1141 447 ἐς
1159 380 1273 458 χεῖρας
1318 408 1346 629 η

245 470 331 542 ἰέναι
351 472 406 538 καλ
427 465 448 557 ἡ
470 468 578 548 ἵππος
598 465 619 557 ἡ
639 475 706 537 τῶν
727 472 895 554 πολεμίων
917 466 1135 558 ἐπελαύνηται
1156 468 1273 538 καὶτὰ
1320 540 1325 551 ,

244 567 377 660 άρματα
394 572 428 639 ολ
443 571 592 641 Γαλάται
609 566 796 653 ἀνοίξαντες
811 569 870 660 τὴν
885 571 1041 660 φάίαχχα
1062 576 1119 638 καί
1136 573 1273 662 διαστή·

245 699 359 755 σαντες
377 673 550 763 ἐπαφῶσι,
572 671 649 741 τότε
667 669 730 741 ἀνὰ
746 679 904 764 τέτταρας
923 676 984 760 μέν
999 681 1066 744 τῶν
1083 674 1271 764 ἐλεφάντων
1344 690 1346 749 j

243 774 394 846 ἀπαντᾶν
411 774 463 866 ἐφ’
475 774 611 866 ἑκάτερα
627 788 699 856 τοῖς
718 777 872 858 ἱππεῦσι,
894 775 972 858 τοὺς
989 773 1075 845 όκτδι
1094 778 1131 845 δέ
1148 773 1272 845 ἀντεπ-
1345 770 1346 779 ’

243 893 379 971 αφεῑναι
404 891 476 959 τοῖς
502 875 748 968 ἁρματηλάταις
771 883 827 947 καὶ
849 892 1104 966 συνωριασταῖς·
1127 875 1184 947 “el
1205 879 1269 967 γὰρ

239 990 340 1050 τοῦτο
352 987 488 1071 γένοιτο,
508 980 763 1071 φοβηθήσονται
776 978 914 1064 avim?
934 982 1008 1071 ἐφη,
1024 979 1083 1050 “ol
1095 981 1201 1051 ἵπποι
1213 985 1271 1049 καί

241 1083 275 1166 ἐς
291 1083 370 1166 τοὺς
386 1082 539 1164 Γαλάτας
555 1073 659 1164 αὖθις
676 1082 896 1169 ἐμπεσοῦνται
913 1081 1117 1173 φεύμοντες.”
1141 1088 1198 1152 καὶ
1214 1079 1271 1150 ού-

190 1208 223 1259 10
241 1213 308 1268 τως
330 1186 465 1275 ἐγένετο.
510 1182 550 1254 ού
575 1183 638 1276 χάρ
663 1186 826 1276 πρότερον
855 1186 980 1268 ἰδόντες
1005 1185 1168 1276 ἐλέφαντα
1195 1182 1271 1254 ούτε
1347 1244 1348 1247 ,

241 1288 336 1359 αὐτοὶ
347 1290 497 1359 Γαλάται
513 1286 589 1357 ούτε
608 1290 641 1358 οί
657 1290 762 1360 ἵπποι
779 1287 887 1359 αύταῑν
905 1286 992 1359 οάτω
1005 1288 1091 1379 πρὸς
1103 1288 1143 1358 τὸ
1159 1289 1272 1377 παρά-

240 1394 337 1474 δοξον
353 1399 412 1481 τῆς
429 1388 543 1480 όψεως
560 1390 792 1481 ἐταράχθησαν
810 1389 897 1462 ὥστε
913 1393 1030 1483 πόρρω
1054 1393 1104 1461 ’έτι
1121 1398 1187 1460 τῶν
1205 1398 1277 1483 θηῇ

240 1500 320 1584 ρίων
346 1491 459 1577 όντων,
493 1492 567 1562 ἐπεὶ
596 1496 697 1580 μόνον
723 1497 919 1586 τετριγότων
944 1491 1086 1584 ἤκουσαν
1111 1496 1168 1561 καὶ
1193 1492 1271 1575 τοδς

239 1593 379 1675 ὀδόντας
404 1592 493 1665 εἶδον
524 1593 788 1683 ἀποστίλβοντας
819 1596 1059 1686 ἐπισημότερον
1089 1593 1136 1678 ὥς
1168 1593 1209 1665 ἀν
1237 1595 1272 1663 ἐκ
1348 1584 1349 1645 Ῐ

238 1702 378 1784 μέλανος
394 1705 453 1766 τοῦ
470 1697 596 1780 παντὸς
614 1699 768 1785 σώματος
785 1703 840 1768 καὶ
855 1699 917 1780 τὰς
933 1706 1139 1787 προνομαίας
1157 1695 1205 1779 ὥς
1222 1698 1273 1778 εἷς

239 1797 390 1889 ἆρπαχὴν
411 1797 736 1891 δπεραιωρουμένας,
762 1806 842 1891 πρὶν
863 1798 885 1890 ἢ
906 1799 945 1869 τδ
967 1803 1121 1885 τόξευμα
1136 1799 1271 1882 ἐξικνεῖ-

239 1909 333 1985 σθαι,
353 1901 551 1991 έχκλίναντες
569 1901 627 1972 σὺν
641 1902 747 1972 ούδενὶ
760 1905 873 1992 κόσμῳ
889 1904 1035 1994 ἔφευγον,
1056 1903 1160 1987 οἱμὲν
1172 1901 1271 1983 πεζοί

237 2006 510 2095 περιπειρόμενοι
532 2003 587 2074 ύπ)
604 2003 752 2095 ἀλλήλων
773 2020 846 2085 τοῖς
867 2008 1035 2096 δορατίοις
1055 2008 1111 2072 καί
1134 2029 1270 2087 συμπα·
1349 2060 1350 2099 3

238 2108 392 2192 τούμενοι
409 2105 477 2176 άπὸ
495 2115 561 2176 τῶν
580 2108 719 2191 ἱππέων,
740 2105 786 2188 ὦς
803 2106 897 2193 εἶχον,
918 2109 1127 2195 ἐμπεσόντων
1145 2101 1193 2173 ἐπ’
1204 2101 1268 2172 αδ-

236 2208 327 2292 τοὺς,
350 2208 393 2278 τὰ
416 2206 548 2298 δέρματα
570 2211 620 2291 δέ,
645 2208 898 2301 ἀναστρέψαντα
921 2214 1103 2279 καὶταῦτα
1124 2208 1271 2294 έμπαλιν

239 2310 272 2392 ἐς
301 2311 380 2392 τοὺς
410 2314 564 2394 οἰκείους,
598 2310 657 2380 οόκ
688 2310 851 2398 ἀναιμωτὶ
885 2315 1054 2403 διεφέρετο
1081 2311 1114 2380 ἐν
1141 2308 1270 2393 αύτοῖς,

238 2410 323 2481 ἀλλὰ
347 2412 387 2482 τὸ
413 2422 471 2482 τοῦ
494 2413 643 2503 Ὁμήρου,
671 2411 814 2504 κδίφροι
840 2413 871 2483 δ’
892 2409 1207 2501 ἀνεκυμβαλίαζον·”
1236 2410 1273 2482 οἱ

237 2516 342 2584 ἵπποι
360 2514 391 2583 δ’
403 2515 541 2605 ἐπείπερ
560 2513 654 2600 ἅπαξ
668 2524 727 2606 τῆς
745 2518 778 2597 ἐς
790 2516 829 2586 τὸ
844 2514 928 2585 εάθδ
943 2513 1023 2585 ὁδοῦ
1038 2514 1270 2601 ἀπετρέποντο

225 2614 296 2684 ·ούκ
313 2614 532 2704 ἀνασχόμενοι
548 2626 615 2688 τῶν
632 2619 827 2709 ἐλεφάντων,
850 2617 928 2701 τοὺς
950 2618 1112 2705 ἐπιβάτας
1134 2615 1272 2703 ἀποβα-

169 2782 174 2792 .
236 2720 348 2800 λόντες
362 2718 460 2788 “uela‘’
477 2718 556 2805 όχεα
573 2718 791 2810 κροτάλιζον,”
815 2728 985 2807 τέμνοντες
1002 2719 1041 2809 νὴ
1060 2726 1126 2790 Δία
1143 2723 1198 2787 καὶ
1217 2721 1271 2786 δι-

237 2830 404 2910 αιροῦντες
426 2837 497 2905 τοῖς
523 2825 702 2912 δρεπάνοις
727 2826 762 2893 εἰ’
783 2850 875 2904 τινας
899 2831 965 2891 τῶν
992 2825 1098 2913 φίλων
1123 2821 1269 2889 καταλά-

234 2930 340 3007 βοιεν·
357 2929 478 3005 πολλοὶ
496 2924 527 2994 δ’
539 2924 586 3007 ιδς
604 2927 637 2995 ἐν
654 2927 787 3017 ταράχῳ
805 2927 954 3015 τοσούτῳ
971 2916 1267 3011 κατελαμβάνοντο.

236 3026 370 3095 εἵποντο
389 3029 425 3095 δέ
442 3032 499 3098 καί
517 3029 550 3097 ολ
567 3028 742 3118 ἐλέφαντες
764 3036 1012 3114 συμπατοῦντες
1033 3031 1088 3095 καὶ
1107 3052 1271 3112 συναναρ-

235 3136 427 3217 ριπτοῦντες
445 3132 493 3212 είς
509 3127 599 3218 ὕψος
614 3145 689 3211 ταῖς
702 3138 923 3218 προνομαίαις
935 3134 990 3199 καὶ
1003 3129 1269 3221 συναρπάζοντες

234 3234 291 3300 καὶ
306 3246 378 3313 τοῖς
396 3230 511 3302 ὀδοῦσι
529 3240 787 3324 περιπείροντες,
805 3236 861 3302 καὶ
877 3237 971 3315 τέλος
984 3224 1077 3302 οὗτοι
1089 3231 1173 3299 κατὰ
1186 3230 1268 3321 κρά-

185 3358 217 3408 11
235 3361 292 3417 τος
309 3338 537 3425 παραδιδόασι
557 3344 606 3426 τῷ
620 3334 771 3425 Ἀντιόχῳ
793 3335 851 3426 τὴν
872 3343 970 3425 νίκην.
1007 3335 1041 3402 ολ
1056 3335 1206 3403 Γαλάται
1227 3334 1269 3400 δέ

236 3440 269 3507 οί
285 3441 344 3525 μέν
362 3439 587 3528 ἐτεθνήκεσαν,
611 3441 737 3508 πολλοῦ
754 3446 814 3507 τοῦ
838 3440 942 3529 φόνου
964 3443 1151 3526 γενομένου,
1177 3437 1211 3504 ολ
1228 3437 1268 3504 δέ

235 3543 352 3626 ζῶντες
369 3542 604 3627 ἐλαμβάνοντο,
627 3540 712 3629 πλὴν
729 3543 816 3610 πάνυ
836 3539 943 3630 όλίχοι
965 3537 1090 3610 ὁπόσοι
1107 3538 1269 3629 ἔφθασαν

235 3642 268 3725 ἐς
280 3643 323 3712 τὰ
337 3641 396 3735 όρη
411 3642 642 3734 ἀναφυγόντες,
663 3645 696 3712 ολ
706 3646 892 3725 Μακεδόνες
906 3646 943 3712 δέ
956 3640 1033 3711 δσοι
1045 3638 1267 3729 σὺνέίντιάχφ

234 3738 325 3835 ἦσαν,
355 3746 545 3830 ἐπαιάνιζον
567 3750 623 3814 καί
644 3748 840 3835 προσιόντες
862 3745 959 3826 ἀλλος
981 3742 1166 3829 ἀλλαχόθεν
1189 3740 1269 3811 ἀνέ·
1349 3746 1351 3799 f

235 3851 312 3919 δουν
333 3847 389 3918 τὸν
409 3853 549 3935 βασιλέα
570 3852 752 3918 καλλίνικον
774 3847 992 3936 ἀναβοῶντες·
1020 3845 1039 3916 ό
1061 3848 1098 3915 δὲ
1123 3849 1180 3914 καὶ
1204 3847 1270 3914 δα·
1349 3858 1351 3925 j

233 3953 363 4037 κρύους,
384 3948 431 4032 δίς
449 3976 560 4040 φασιν,
576 3950 868 4038 “αίσχυνιύμεθα,”
888 3952 961 4041 ἐφη,
976 3940 1030 4017 ί(ὦ
1046 3953 1267 4036 στρατιῶται,
1349 3952 1351 4047 ξ

236 4051 286 4132 οίς
302 4050 376 4142 yar}
399 4059 546 4144 σωτηρία
568 4052 601 4123 ἐν
623 4053 792 4125 ἑκκαίδεκα
808 4056 943 4135 τούτοις
965 4058 1100 4143 θηρίοις
1121 4050 1272 4139 ἐμένετο·
1349 4056 1351 4185 ἱ
