2740 4648
28 258 32 351 ι

397 266 508 320 XXIIL
534 264 790 320 ΑΡΜΟΝΙΔΗΣ
812 266 836 319 1.
1068 251 1133 317 335

28 452 29 469 ξ
110 375 153 457 ὥς
171 372 203 443 εί
223 369 268 460 μὴ
290 370 328 438 τὸ
351 367 460 438 καινὸν
481 376 541 438 τοῦ
563 369 736 453 θεάματος
757 367 911 456 ἐξέπληξε
931 367 1008 450 τοὺς
1030 372 1132 437 πολε·
1227 372 1230 381 ’

107 482 212 564 μίους,
240 478 275 542 τί
296 470 335 541 ἂν
353 469 447 562 ἡμεῖς
463 462 543 561 ἦμεν
561 469 646 560 πρὸς
669 467 824 549 αύτούς,·”
854 470 971 539 ἔπειτα
988 477 1035 559 τῷ
1053 497 1130 557 τρο-

108 583 197 667 παίφ
219 575 342 645 κελεύει
364 573 444 645 άλλο
465 575 525 661 μὲν
544 575 654 662 μηδὲν,
679 572 840 662 ἐλέφαντα
862 573 899 640 δδ
918 572 1019 657 μόνον
1042 572 1132 662 ἐγκο-

108 680 225 767 λάψαι.
266 673 338 766 (δρα
358 682 467 755 τοίνυν
486 701 529 763 με
555 688 690 744 σκοπεῖν
715 672 760 763 μὴ
787 678 842 742 καὶ
867 672 989 760 τοόμὸν
1016 671 1131 760 ὅμοιον
1150 696 1182 747 ιν

107 772 189 873 ᾖτῷ
203 777 355 868 Ἀντιόχῳ
372 777 487 847 καὶτὰ
503 779 562 864 μὲν
580 774 664 845 άλλα
682 773 739 844 ούκ
757 774 835 859 άξια
851 776 970 866 μάχης,
995 776 1133 867 ἐλέφαν-

108 909 159 964 τες
181 884 218 951 δέ
238 907 324 962 τινες
344 884 400 949 καὶ
427 884 501 964 ξένα
525 882 747 968 μορμολυκεῖα
773 877 859 966 πρὸς
882 879 961 961 τούς
988 876 1133 969 δρῶντας

108 989 161 1054 καὶ
178 989 435 1072 θαυματοποιία
452 978 573 1063 άλλως·
589 981 696 1050 ἐκεῖνα
713 988 790 1070 γοῦν
807 981 982 1051 ἐπαινοῦσι
998 983 1131 1065 πάντες.

111 1085 159 1167 οίς
176 1084 207 1155 δ’
219 1085 283 1175 ἐγὼ
303 1084 509 1167 ἐπεποίθειν,
534 1081 572 1153 05
590 1084 677 1153 πάνυ
695 1090 800 1153 ταῦτα
822 1083 855 1152 ἐν
872 1085 959 1173 λόγῳ
977 1082 1055 1173 παρ’
1073 1083 1133 1153 αύ-

108 1201 178 1269 τοῖς
200 1188 296 1271 ἐστιν,
320 1184 388 1255 ἀλλ’
405 1182 458 1255 δτι
479 1188 538 1272 μὲν
559 1183 971 1276 θήλειαἹπποκένταυρος
992 1212 1133 1276 γεγραμ-

108 1295 199 1380 μίνη,
223 1297 322 1359 τοῦτο
339 1290 440 1375 μόνον
458 1288 693 1378 ἐκπλήττονται
709 1291 764 1357 καὶ
782 1285 896 1379 ὥσπερ
915 1288 998 1372 ἐστὶ,
1022 1288 1133 1357 καινὸν

108 1395 161 1461 καλ
182 1393 354 1481 τεράστιον
376 1392 467 1460 δοκεῖ
488 1390 609 1472 αὐτοῖς.
649 1389 692 1459 τδι
715 1389 747 1459 δ’
762 1388 846 1459 ἄλλα
867 1391 972 1480 μάτην
999 1388 1064 1479 άρα
1084 1396 1132 1481 τηό

29 1581 32 1587 1
109 1494 238 1577 Ζεύξιδι
258 1499 452 1583 πεποίηται.
486 1491 556 1562 ἀλλ’
573 1491 610 1562 ού
633 1514 753 1582 ματην·
780 1496 937 1583 γραφικοὶ
958 1493 1020 1583 γὰρ
1038 1491 1134 1579 ὑμεῖς

109 1598 164 1662 καί
179 1593 262 1681 μετὰ
278 1601 388 1686 τέχνης
405 1596 524 1665 ἕκαστα
543 1592 651 1684 δρᾶτε.
687 1598 737 1684 ε’ίη
754 1597 855 1681 μόνον
872 1592 950 1679 άξια
971 1603 1030 1665 τοῦ
1048 1597 1134 1664 θεά-

108 1722 186 1788 τρου
205 1697 371 1768 δεικνύειν.

457 1937 782 2006 ΑΡΜΟΝΙΔΗΣ.

157 2106 343 2197 Ἁρμονίδης
361 2104 380 2175 ὅ
395 2105 535 2196 αὐλητὴς
547 2104 643 2197 ἤρετό
656 2133 741 2175 ποτε
757 2107 921 2192 Τιμόθεον
935 2107 1132 2176 διδάσκαλον
1151 2132 1164 2179 1

110 2203 211 2277 αύτού
221 2206 308 2292 ὄντα,
325 2205 522 2296 (ἐίπίμσιῇ
543 2210 616 2300 ἐφη,
632 2200 684 2277 “ὦ
698 2211 851 2296 Τιμόθεε,
865 2216 941 2290 πιῦς
954 2207 1133 2292 δυ’ένδοξος

108 2317 258 2401 γενοίμην
280 2311 338 2380 ἐπὶ
358 2319 400 2402 τῇ.
420 2320 528 2403 τέχνης
554 2316 609 2380 καὶ
630 2319 666 2381 τί
685 2319 847 2381 ποιοῦντα
869 2313 1016 2381 εἴσονταί
1036 2339 1077 2397 με
1101 2313 1135 2380 οδ

101 2408 249 2502 Ἕλληνες
271 2409 431 2497 άπαντεςς
457 2414 499 2483 τὰ
521 2413 663 2503 μὲνγὰρ
686 2412 770 2482 ἄλλα
793 2406 828 2482 εὖ
854 2422 963 2483 ποιάν
992 2414 1133 2496 ἐδιδάξω

107 2540 150 2601 με
168 2513 239 2607 ἤδη,
259 2513 478 2608 ἁρμόσασθαι
494 2516 551 2585 τὸν
569 2515 668 2585 αὐλὸν
687 2516 720 2595 ἐς
736 2516 774 2584 τὸ
790 2514 920 2603 άκριβές
931 2521 988 2584 καὶ
1001 2517 1134 2602 ἐμπνεῖν

109 2616 143 2697 ἐς
163 2616 221 2706 τὴν
242 2621 404 2706 μλωττίδα
425 2621 544 2687 λεπτόν
565 2645 599 2686 τι
619 2622 675 2686 καί
697 2617 832 2703 ἐμμελὲς
853 2622 907 2685 καὶ
933 2616 1134 2704 ὑποβάλλειν

107 2717 185 2799 τούς
207 2721 383 2802 δακτύλους
405 2719 538 2810 εύαφιός
559 2718 626 2789 ύπδ
650 2727 755 2809 πυκνῇ
776 2727 815 2810 τῇ
838 2717 934 2809 άρσει
960 2724 1016 2788 καὶ
1037 2727 1135 2789 θέσει

106 2824 163 2889 καὶ
178 2827 302 2909 βαίνειν
324 2824 358 2895 ἐν
379 2826 500 2916 ῥυθμῷ
522 2827 578 2892 καὶ
599 2824 762 2911 σύμφωνα
784 2821 868 2891 εἶναι
885 2822 928 2893 τὰ
940 2826 1030 2911 ’μίλη
1049 2822 1135 2910 πρὸς

105 2920 164 2991 τόν
188 2925 286 3015 χορὸν
310 2931 366 2996 καλ
390 2934 449 3016 τῆς
476 2924 633 3018 ἁρμονίας
662 2925 800 3015 ἑκάστης
830 2927 1065 3017 διαφυλάττειν
1093 2925 1133 2994 τὸ

106 3023 203 3104 ιδιον,
226 3054 284 3112 της
308 3036 447 3119 Φρυγίου
468 3029 507 3099 τὸ
531 3029 655 3113 ἔνθεον,
678 3056 737 3120 της
753 3028 934 3099 Λυδίου
902 3055 940 3098 το
962 3028 1131 3114 Βακχικὸν,

106 3151 166 3251 της
183 3132 314 3217 Δωρίου
331 3130 370 3197 τὸ
389 3132 514 3216 σεμνὸν,
532 3161 592 3224 της
604 3131 744 3223 Ἰωνικης
760 3133 798 3203 τὸ
816 3134 994 3223 γλαφυρόν.
1029 3141 1134 3202 ταῦτα

105 3253 166 3313 μεν
185 3219 241 3295 σύν
258 3229 368 3297 πάντα
386 3232 597 3321 ἐκμεμάθηκα
614 3235 707 3324 παρὰ
725 3242 801 3303 σοῦ·
819 3235 861 3303 τὰ
877 3237 1067 3324 μέγιστα
1031 3237 1067 3304 δ
1079 3237 1135 3301 καὶ

107 3319 154 3397 (δν
173 3328 264 3397 ενεκα
282 3331 534 3422 ἐπεθύμησα
496 3361 554 3423 της
571 3331 752 3424 αὐλητικῆς,
772 3332 831 3417 ούχ
849 3334 916 3422 δρῶ
934 3342 1008 3415 πῶς
1022 3333 1060 3404 άν
1074 3332 1131 3403 άπ

106 3428 210 3522 αὐτῆς
225 3458 286 3519 μοι
301 3440 530 3524 προσγένοιτο,
553 3465 573 3527 η
561 3434 711 3519 δοξα
691 3465 711 3526 η
731 3436 825 3526 παρὰ
845 3444 911 3506 τῶν
928 3440 1060 3506 πολλῶν
1079 3440 1135 3505 καὶ

104 3561 146 3604 τσ
131 3533 324 3625 ἐπίσημον
336 3534 421 3607 εἶναι
433 3537 466 3608 ἐν
479 3540 627 3630 πλήθεσι
639 3566 695 3607 και
683 3542 760 3608 δεί
746 3545 901 3608 ίκνυσθαι
913 3567 960 3629 τφ
946 3541 1132 3627 δακτύλῳ,

105 3634 202 3704 καλ”
180 3666 218 3728 ην
235 3665 302 3708 που
320 3647 425 3731 φανῶ,
449 3638 553 3724 εύθύς
575 3641 841 3733 ἐπιστρέφεσθαι
863 3644 989 3724 πάντας
1007 3643 1054 3724 εἰς
1077 3641 1134 3727 ἐμὲ

105 3742 164 3803 καὶ
181 3744 283 3829 λέγειν
299 3740 453 3830 τούνομα,
473 3735 569 3826 οὗτος
587 3743 829 3832 ἐκεῖνοςΑρμον
831 3746 902 3833 ίδης
919 3740 1041 3815 ἐστὶν(
1023 3771 1041 3814 ο
1060 3739 1135 3834 άρι-

106 3862 187 3920 owe
204 3842 402 3936 a5stqv5gf'
372 3870 486 3936 ωσπερ
505 3843 561 3916 δτε
577 3851 634 3916 καὶ
651 3874 702 3931 συ,
722 3840 749 3917 τό
770 3848 924 3933 Τιμόθεε,
942 3845 982 3917 τὸ
1000 3832 1134 3937 πρῶτον

105 3939 218 4010 ἐλθών
244 3949 377 4018 οἴκοθεν
402 3948 437 4018 ἐκ
461 3958 627 4033 Βοιωτίας
656 3948 848 4041 ύπηύλησας
877 3957 916 4042 τῇ
942 3950 1100 4020 Πανδισνί
1086 3950 1134 4017 ίδι

103 4046 163 4112 καὶ
186 4044 233 4114 ἐνί
219 4050 332 4137 ίκησας
353 4050 386 4120 ἐν
407 4059 454 4141 τῷ
475 4053 596 4124 Αιαντι
620 4061 667 4142 τῷ
695 4053 844 4140 ἐμμανεῖ,
870 4060 931 4123 τοῦ
958 4050 1133 4141 ὁμωνύμου
