2752 4632
401 254 481 313 XIV.
506 254 607 310 ΒΙΩΝ
628 256 784 313 ΠΡΑΣΙΣ
806 258 892 316 3-7.
1089 250 1163 316 ’193

182 377 268 433 ΠΥΘ.
303 356 393 449 Πρὸς
414 360 451 427 <R
471 362 620 430 τοῖσδεσι
640 375 748 432 τοῖσιν
766 365 965 459 εἰρημένοισι
985 369 1041 434 καὶ
1059 389 1198 440 στου-υ

127 462 187 535 τὸν
206 463 262 530 ένα
273 464 435 531 «δοκέοντα
452 466 507 531 καὶ
525 459 623 553 άλλον
636 460 811 554 ὁρεόμενον
824 464 922 535 ἄλλον
936 467 1032 537 ἐόντα
1045 471 1163 541 εἴσεαι.

98 604 106 619 -
181 581 239 638 RN.
278 571 317 633 Τί
333 565 416 656 φῄς,·
433 563 532 649 ἄλλος
545 567 614 655 εἰμὶ
626 571 682 636 καὶ
695 565 753 653 οῦχ
771 559 866 648 οὗτος
881 566 985 661 ὅσπερ
1003 578 1058 640 νῦν
1075 571 1163 662 πρὸς

112 669 169 737 σὲ
187 670 397 755 όιαλέγομαις

180 785 268 840 ΠΥΘ.
302 777 372 840 Νῦν
391 772 451 856 μὲν
470 762 579 854 οὗτος,
607 773 714 841 πάλαι
737 775 773 842 δέ
795 773 827 843 ἒν
846 771 934 863 άλλη)
959 777 1089 862 σάματι
1106 780 1162 846 καλ

4 946 5 949 ,
110 871 164 942 όν
185 870 275 960 άλλιρ
294 869 457 959 οῦνόματι
478 873 674 964 ἐφαντάζεο·
702 877 808 967 χρόνῳ
833 879 869 945 δὲ
891 870 984 960 αῦτις
1007 878 1040 959 ἒς
1061 875 1161 949 άλλον

125 975 342 1064 μεταβήσεαι.

181 1093 239 1148 RN.
277 1083 380 1145 Τοῦτο
402 1075 481 1166 φῂς,
509 1075 678 1149 ἀθάνατον
701 1080 842 1151 έσεσθαλ
862 1108 905 1167 με
922 1079 1160 1169 ἀλλαττόμενον

108 1178 163 1263 ,ἐς
180 1179 314 1271 μορφὰς
331 1182 409 1247 πλεί
396 1187 500 1262 ίςονας
527 1177 610 1249 ἀλλὰ
627 1183 707 1250 τάδε
724 1185 782 1269 μὲν
802 1185 927 1265 ἱκανῶς
963 1185 1005 1253 τὰ
1024 1182 1055 1254 (λ’
1072 1184 1160 1275 άμφὶ
1179 1208 1194 1254 ο

128 1284 261 1351 όλαιταν
278 1294 378 1373 ποῖος
396 1279 441 1362 εἷς

178 1400 265 1456 ΠΥΘ.
305 1383 448 1473 Ψυχηρὸν
464 1385 523 1471 μέν
541 1383 617 1454 οῦδὲ
635 1388 668 1454 ἓν
685 1356 851 1473 σιτέομαι,
870 1386 962 1461 τὰύ
974 1385 1058 1457 ἄλλα
1075 1387 1161 1479 πλὴν

125 1486 271 1573 κυάμων.

178 1604 237 1659 RN.
274 1594 368 1670 Τίνος
385 1588 552 1670 εἵνεκα,·”
531 1618 551 1678 η
569 1591 717 1681 μυσάττῃ
735 1591 813 1674 τοὺς
830 1594 991 1679 κυάμους,·

179 1706 266 1761 ΠΥΘ.
273 1688 381 1779 Ουκ,
410 1689 493 1761 ἀλλὰ
520 1692 588 1814 ἱροί
613 1693 678 1760 εἰσι
703 1696 759 1761 καλ
785 1694 969 1785 θωυμαστὴ
997 1693 1103 1765 αῦτοῦν
1138 1692 1158 1784 ἡ

126 1791 245 1881 φύσις·
275 1801 409 1879 πρῶτον
429 1794 546 1880 μὲν
510 1822 572 1886 γαρ
589 1794 629 1863 τὸ
651 1802 719 1864 πᾶν
736 1796 812 1885 γονή
832 1797 910 1878 εἰσι,
938 1801 994 1865 καὶ
1015 1796 1054 1886 ἢν
1072 1795 1160 1867 άπο-

122 1893 229 1984 όύσης
245 1896 369 1980 κύαμον
387 1894 437 1964 ότι
456 1896 581 1988 χλωρὸν
600 1897 709 1982 ἐόντα,
738 1894 841 1985 όψεαι
861 1911 952 1966 τοῖσι
974 1894 1159 1987 άνύρηλόισι

104 2002 276 2087 ,μυρίοισι
294 1997 438 2088 ἐμφερέα
454 1998 511 2088 τὴν
529 2000 630 2090 φυήν·
653 1999 824 2090 ἑψηθέντα
841 2001 878 2067 δὲ
895 1998 934 2089 ἢν
952 1999 1040 2090 άφῇς
1055 2000 1088 2081 ἐς
1100 1999 1158 2088 τὴν

126 2101 299 2187 σεληναίην
315 2103 386 2182 νυξὶ
402 2108 673 2193 μεμετρημένῃσι,
693 2101 777 2188 αἷμα
788 2103 953 2191 ποιήσεις.
980 2101 1017 2170 τὸ
1034 2103 1069 2170 δὲ
1085 2114 1159 2187 μεῦ-
1260 2124 1263 2127 ’
1371 2084 1372 2087 ¹

127 2200 195 2283 ζον,
213 2197 418 2290 Ἀθηναίοισι
435 2204 535 2290 νόμος
550 2205 709 2301 κυάμοισι
724 2203 785 2285 τὰς
803 2201 904 2297 άρχόις
922 2206 1109 2294 αἱρέεσθαι.

178 2319 237 2374 RN.
270 2308 389 2385 Καλιῦς
409 2306 519 2375 πάντα
551 2304 617 2399 φῂς
643 2311 700 2375 καὶ
723 2307 940 2398 ἱεροπρεπῶς.
982 2304 1049 2375 ἀλλ’
1070 2302 1158 2376 άπό-

126 2405 224 2487 όυθι,
251 2410 307 2474 καλ
331 2406 451 2495 γυμνὸν
475 2408 538 2498 γάρ
561 2434 599 2477 σε
621 2410 702 2477 λῦεῖν
722 2412 897 2495 βούλομαι.
934 2399 961 2476 τό
981 2406 1154 2498 Ἡράκλεις,

123 2513 265 2594 χρυσοῦς
287 2506 375 2597 αύτῷ
394 2507 535 2600 ὅμηρός
556 2511 637 2580 ἐστι.
682 2510 778 2590 θεὸς,
808 2509 846 2580 ού
867 2512 987 2598 βροτός
1004 2537 1055 2592 τις
1073 2506 1157 2579 εἶναι

126 2615 296 2696 φαίνεται·
319 2610 405 2679 ὥστε
423 2609 593 2703 ὠνήσομαι
609 2613 742 2692 πάντας
763 2609 873 2681 αὐτόν.
908 2612 1018 2680 πόσου
1041 2619 1157 2681 τοῦτον

124 2707 378 2801 άποκηρύττεις,·

177 2826 263 2884 ΕΡΜ.
298 2821 385 2884 Δέκα
401 2824 500 2902 μνῶν.

103 2978 107 2989 .
177 2930 236 2987 RN
263 2911 346 3000 Ἔχιο
363 2921 523 2987 τοσούτου
541 2920 662 3006 λαβιόν.

177 3034 281 3090 ΖΕΥΣ.
314 3022 428 3110 Γράφε
441 3028 500 3088 τοῦ
514 3018 723 3109 ὠνησαμένου
736 3017 881 3108 τοόνομα
892 3049 948 3092 και
937 3019 1043 3091 ὅθεν
1057 3021 1155 3092 ἐστίν

177 3138 262 3193 EPM
294 3119 503 3213 Ἰταλιώτης,
521 3114 548 3193 ὦ
570 3131 647 3206 Ζεῦ,
679 3126 769 3193 δοκεῖ
792 3153 844 3207 τις
870 3124 1040 3195 εἶναιτῶν
1068 3124 1156 3250 ἀμφὶ

105 3225 283 3319 ’Κρότωνα
300 3251 341 3292 κα
342 3226 519 3313 λΤάραντα
536 3226 642 3294 καλ
607 3253 666 3315 την
683 3229 786 3317 ταύτῃ
801 3225 953 3299 Ἑλλάδα·
971 3234 1081 3296 καίτοι
1098 3225 1157 3310 οῦχ

122 3326 188 3408 εἷς,
208 3325 292 3395 ἀλλὰ
308 3329 493 3419 τριακόσιοι
511 3326 625 3411 σχεδόν
644 3328 800 3418 ἐώνηνται
817 3329 900 3397 κατὰ
918 3327 1026 3396 κοινὸν
1045 3327 1153 3397 αὐτόν.

105 3496 108 3505 ,
177 3445 280 3503 ΖΕΥΣ
312 3424 555 3517 Απαγέτωσαν·
579 3427 677 3498 άλλον
694 3430 947 3519 παραγάγωμεν.

176 3542 273 3602 ΕΡΜ
298 3530 469 3600 Βούλει
436 3558 493 3600 τον
510 3528 684 3619 αὐχμῶντα
701 3530 833 3615 εκεῖνον,
851 3530 908 3601 τὸν
925 3531 1099 3637 Ποντικόνς
1176 3554 1192 3602 1
1261 3538 1265 3546 ’

176 3649 279 3707 ΖΕΥΣ
314 3625 536 3720 Πάνυμλν
499 3660 565 3707 ουν.
621 3698 625 3703 .

176 3751 262 3809 ΕΡΜ.
299 3727 430 3817 ούτος“
413 3764 431 3805 ο
445 3765 503 3827 την
514 3763 623 3860 πηραν
637 3733 893 3826 ἐξηρτημένος,
876 3764 894 3806 ο
910 3734 1012 3825 ἒξωμί
1011 3761 1059 3818 ας,
998 3734 1158 3804 ίὲλόέ

123 3839 182 3905 καὶ
198 3864 261 3927 περ
265 3838 366 3907 ίιθι’
351 3866 384 3907 εν
400 3839 555 3928 κύκλῳ
523 3866 561 3907 το
580 3841 757 3930 συνέδριον.
783 3846 857 3926 βίον
871 3836 1020 3927 άνόρικὸν
1038 3841 1152 3920 πιολιῦ,

122 3945 198 4029 βίον
217 3936 351 4029 άριστφν
368 3945 424 4009 καὶ
439 3940 593 4031 γεννικόν,
612 3948 685 4028 βίον
704 3940 891 4028 ἐλεύθερον·
909 3949 960 4020 τίς
978 3937 1151 4031 ιῦνήσεται;

178 4059 237 4114 RN.
268 4043 297 4113 ‘0
314 4048 414 4133 κῆρυξ
429 4051 503 4125 πιῦς
533 4047 614 4135 φῄςς
644 4048 768 4126 πωλεῖς
785 4042 841 4112 τόν
860 4042 1050 4130 ἓλεῦθερονς

181 4145 275 4190 Ευιίαοί
288 4147 329 4191 τοὶ.
339 4145 357 4189 Ι.
946 4147 980 4200 13
