2744 4622
295 314 297 323 ν
383 281 437 337 XI.
459 270 804 339 ΝΕΚΥΟΜΑΝΤΕΙΑ
822 283 942 340 15-17.
1114 270 1178 337 16λ

139 387 332 459 διατάττειν
351 386 472 481 ἕκαστα
488 384 508 476 ῆ
526 388 609 475 Τύχη
624 387 773 476 διάφορα
784 390 841 454 καί
853 391 989 455 ποικίλα
1002 394 1075 469 τσέςΪ
1087 414 1179 474 πομ-

144 505 285 572 πευταῖς
302 488 344 559 τὰ
358 491 508 580 σχήματα
520 490 779 579 προσάπτουσα·
797 488 854 557 τὸν
866 491 925 575 μὲν
937 489 999 579 γὰρ
1017 494 1176 577 λαβοῦσα,

143 594 305 680 εἰτύχοι,
332 596 513 680 βασιλικῶς
533 591 723 660 ,ἐνεσκεύασε
744 592 861 680 τιάραν
874 618 919 669 Ιτε
941 592 1102 662 ἐπιθεῖσα
1124 597 1179 661 καὶ

118 697 355 788 δορυφόρους
380 696 580 784 παραδοῦσα
610 697 665 762 καὶ
694 692 753 782 την
782 695 925 784 κεφαλῆν
953 702 1106 782 στέψασα
1130 702 1179 782 τῷ
1219 702 1223 715 “

121 830 125 837 ’
145 800 340 886 διαδήματι,
362 805 410 886 τῶ
430 798 467 865 δὲ
484 797 610 865 οἰκέτου
630 803 739 885 σχῆμα
755 802 950 886 περιέθηκε,
976 796 1034 866 τόν
1053 800 1090 865 δέ
1105 824 1180 866 τινα

141 901 244 969 καλὸν
262 898 347 969 εἶναι
365 899 526 986 ἐκόσμησε
529 953 539 982 ,
565 900 624 968 τόν
646 900 683 967 δὲ
701 896 853 990 ἀμορφον
874 903 931 967 καὶ
946 904 1074 988 γελοῖον
1092 925 1181 989 παρ-

142 1004 317 1073 εσκεύασε·
339 1001 556 1090 παντοδαπὴν
568 1000 640 1093 γάρ,
661 998 764 1088 οἶμαι,
785 1004 838 1070 δεῖ
847 1007 1006 1089 γενέσθαι
1017 1001 1179 1089 τῆνθέαν.
1226 1074 1227 1077 ¹

144 1106 308 1186 πολλάκις
326 1106 363 1174 δέ
380 1107 436 1173 καὶ
453 1102 510 1173 διὰ
522 1110 626 1193 μέσης
638 1112 697 1193 τῆς
709 1110 849 1193 πομπῆς
860 1108 1019 1191 μετέβαλε
1031 1102 1074 1172 τὰ
1088 1104 1181 1173 ἐνίων

142 1209 299 1297 σχήματα
317 1206 376 1277 οῦκ
393 1206 483 1277 ἐῶσα
501 1206 534 1289 ἐς
547 1209 640 1289 τέλος
653 1209 907 1292 διαπομπεῦσαι
921 1205 967 1287 ῶς
982 1207 1178 1296 ἐτάχθησαν,

141 1307 232 1379 ἀλλὰ
244 1316 502 1400 μεταμφιέσασα
513 1308 640 1396 τὸνμὲν
652 1321 796 1400 Κροῖσον
809 1307 970 1398 ῆνάγκασε
983 1309 1040 1398 τῆν
1054 1311 1180 1378 οἰκέτου

144 1416 203 1481 καὶ
229 1413 440 1498 αἰχμαλώτου
466 1411 582 1501 σκευὴν
608 1409 797 1499 ἀναλαβεῖν,
828 1412 886 1481 τὸν
914 1414 950 1480 δέ
975 1413 1182 1499 Μαιάνδριον

144 1521 230 1597 τέως
248 1515 282 1584 έν
298 1528 370 1596 τοῖς
392 1516 535 1596 οἰκέταις
556 1515 774 1600 πομπεύοντα
795 1513 853 1603 τῆν
874 1522 934 1583 τοῦ
951 1517 1183 1601 Πολυκράτους

147 1619 323 1705 τυραννίδα
340 1619 545 1704 μετενέδυσε,
565 1621 621 1685 καὶ
637 1623 733 1707 μέχρι
749 1624 808 1703 μέν
820 1644 910 1698 τινος
926 1618 1018 1684 εἰάσε
1033 1624 1183 1705 χρῆσθαι

145 1727 195 1809 τῷ
214 1722 370 1808 σχήματι·
397 1711 533 1789 ἐπειδὰν
556 1717 588 1786 δ’
609 1716 627 1787 ὃ
649 1727 708 1807 τῆς
724 1727 864 1808 πομπῆς
880 1718 994 1807 καιρός
1015 1722 1181 1819 παρέλθῃ,
1302 1782 1304 1790 1

144 1832 322 1913 τηνικαῦτα
341 1823 476 1903 ἕκαστος
494 1820 642 1904 ἀποδούς
657 1822 716 1911 τὴν
734 1821 849 1911 σκευὴν
861 1827 917 1891 καὶ
930 1820 1183 1907 ἀποδυσάμενος

147 1924 187 1994 τὸ
206 1934 314 2015 σχῆμα
334 1924 420 2013 μετὰ
436 1934 494 1994 τοῦ
514 1927 668 2012 σώματος
686 1922 791 2013 ὅσπερ
809 1917 849 2014 ῆν
865 1923 933 2014 πρὸ
951 1932 1011 1992 τοῦ
1029 1932 1181 2010 γίγνεται,

145 2030 250 2117 μηδὲν
262 2036 326 2097 τοῦ
344 2032 485 2118 πλησίον
503 2030 682 2118 διαφέρων.
715 2028 796 2095 ἔνιοι
815 2029 851 2096 δὲ
867 2024 924 2094 ἀπ’
941 2024 1182 2114 ἀγνωμοσύνης,

146 2128 286 2199 ἐπειδάν
304 2128 430 2221 ἀπαιτῇ
448 2130 505 2199 τὸν
522 2132 646 2217 κόσμον
664 2130 831 2199 ἐπιστᾶσα
852 2127 872 2218 ῆ
894 2130 993 2219 Τύχη,
1022 2126 1185 2211 ἀχθυνταί

149 2236 259 2301 τεκαὶ
278 2230 514 2320 ἀγανακτοῦσιν
533 2230 648 2321 ῶσπερ
672 2233 800 2302 οἰκείων
820 2238 919 2301 τινῶν
937 2231 1185 2318 στερισκόμενοι

147 2337 207 2401 καὶ
225 2331 283 2416 ούχ
302 2334 324 2403 ἃ
341 2334 428 2423 πρὸς
445 2334 553 2424 ὀλίγον
572 2336 748 2425 ἐχρήσαντο
767 2334 994 2414 ἀποδιδόντες.
1031 2330 1126 2418 οἶμαι
1149 2334 1186 2398 δέ

148 2459 190 2503 σε
207 2438 346 2503 καὶτῶν
364 2436 422 2505 ἐπὶ
438 2444 497 2525 τῆς
514 2445 631 2526 σκηνῆς
647 2439 807 2518 πολλάκις
825 2438 999 2526 ἑορακέναι.
1011 2434 1089 2514 τοὺς
1106 2458 1187 2523 τρα-

147 2537 262 2626 γικούς
279 2534 459 2629 ὑποκριτὰς
476 2540 613 2619 τούτους
630 2538 717 2626 πρὸς
729 2538 789 2619 τὰς
800 2545 912 2626 χρείας
924 2545 991 2607 τῶν
1010 2538 1185 2623 δραμάτων

147 2636 229 2728 ἀρτι
240 2642 299 2725 μὲν
307 2647 483 2731 Κρέοντας,
504 2641 607 2709 ἐνίοτε
621 2644 657 2710 δέ
664 2643 836 2730 Πριάμους
848 2645 1055 2728 γιγνομένους
1068 2636 1187 2726 ῆᾍγα-

148 2748 327 2828 μίμνονας,
344 2747 403 2813 καὶ
420 2742 438 2811 ό
453 2742 566 2826 αὐτὸς,
586 2745 734 2827 εἰτύχοι,
753 2741 869 2832 μικρὸν
887 2742 1079 2831 ἔμπροσθεν
1096 2741 1187 2825 μάλα

150 2853 279 2931 σεμνῶς
296 2844 334 2913 τὸ
352 2853 411 2914 τοῦ
424 2853 595 2936 Κέκροπος
612 2843 823 2936 ῆἘρεχθέως
841 2853 949 2933 σχῆμα
961 2843 1188 2932 μιμησάμενος

147 2945 220 3033 μετ’
241 2944 350 3035 ὀλίγον
373 2949 499 3038 οἰιῶτης
520 2953 690 3039 προῆλθεν
712 2946 779 3018 ῦπδ
802 2954 862 3016 τοῦ
884 2953 1026 3035 ποιητοῦ
1044 2949 1188 3013 κεκελευ-

148 3055 285 3134 σμένος·
308 3048 369 3141 ῆδη
389 3052 425 3119 δὲ
441 3058 547 3139 πέρας
565 3053 693 3137 ἔχοντες
710 3058 768 3121 τοῦ
788 3050 956 3139 δράματος
974 3046 1189 3133 ἀποδυσάμε-

89 3227 92 3232 ,
150 3178 208 3235 νος
226 3152 362 3234 ἕκαστος
384 3153 491 3223 αὐτῶν
512 3154 570 3244 τὴν
589 3155 821 3242 χρυσόπαστον
844 3153 964 3242 ἐκείνην
987 3152 1115 3240 ἐσθῆτα
1132 3152 1189 3217 καὶ

152 3253 192 3323 τὸ
211 3269 426 3344 προσωπεῖον
444 3255 656 3344 ἀποθέμενος
672 3258 728 3324 καί
745 3255 892 3342 καταβὰς
910 3253 978 3322 ἀπὸ
1000 3260 1067 3321 τῶν
1086 3251 1189 3336 ἐμβα-

147 3364 219 3427 τῶν
245 3363 347 3445 πένης
372 3361 428 3426 καί
452 3358 609 3439 ταπεινὸς
635 3365 798 3447 περίεισιν
824 3354 926 3426 οὐκέτ’
942 3353 1147 3443 Ἀγαμέμνων
1165 3347 1188 3418 ,ό

38 3512 41 3521 ,
148 3457 288 3547 Ἀτρέως
305 3456 383 3528 οῦδὲ
390 3467 502 3549 Κρέων
516 3458 741 3543 όΜενοικέως,
762 3458 846 3527 ἀλλὰ
862 3461 980 3536 Πῶλος
987 3456 1190 3542 Χαρικλέους

51 3598 56 3607 ’
151 3562 311 3644 Σουνιεύς
327 3561 569 3650 ὀνομαζόμενος
585 3560 607 3653 ἢ
624 3563 773 3653 Σάτυρος
791 3567 998 3648 θεογείτονος
1014 3556 1190 3645 Μαραθῶ-

149 3694 234 3748 νιος.
270 3672 411 3736 τοιαῦτα
435 3668 491 3734 καί
515 3665 558 3734 τὰ
582 3672 649 3735 τῶν
675 3661 866 3754 ἀνθρώπων
887 3660 1066 3753 πράγματά
1089 3658 1186 3742 ἐστικ,

153 3766 204 3849 ῶς
218 3770 296 3838 τότε
312 3795 373 3856 μοι
390 3766 510 3859 δρῶντι
528 3769 649 3851 ἔδοξεν.

208 3889 286 3945 ΦΙΑ.
321 3873 411 3941 Εἰπέ
430 3897 505 3959 μοι,
533 3861 561 3950 ῶ
584 3876 752 3952 Μένιππε,
783 3869 817 3937 οἱ
838 3869 874 3937 δὲ
895 3865 972 3947 τοὺς
997 3866 1189 3947 πολυτελεῖς
1208 3884 1240 3936 17

151 3974 296 4057 ,τούτους
312 3977 368 4044 καὶ
384 3972 535 4065 ὑψηλούς
552 3975 680 4064 τάφους
697 3973 822 4059 ἔχοντες
833 3969 918 4061 ῦπέρ
930 3976 989 4059 γῆς
1000 3971 1056 4038 καὶ
1069 3968 1189 4057 στήλας
