2722 4646
479 240 517 298 V.
540 226 678 293 ΤΙΜΩΝ
687 232 814 294 -164-22.
1119 230 1161 297 37

115 344 300 436 ἐλελήθεις
315 369 367 431 με,
388 333 416 410 ὦ
433 343 583 432 γεννάδα,
602 340 640 411 ού
659 332 784 434 τυφλὸς
797 332 910 429 μόνον,
930 341 1015 413 ἀλλὰ
1027 349 1083 414 καί
1093 373 1161 433 χω-

113 446 183 530 λὸς
201 444 259 515 ῶν.
1020 447 1022 453 ’

175 554 319 614 ΠΛΟΥΤ.
337 545 474 618 ιθύκάεὶ
486 547 594 632 τούτο,
615 539 756 638 ῶἙρμῆ,
776 540 981 619 ἀλλ’ύπόταν
994 550 1053 638 μὲν
1068 549 1160 622 άπίω

113 653 221 745 παρβ
235 678 310 721 τινα
323 648 581 742 πεμφθεὶςύπδ
593 658 653 720 τοῦ
667 650 758 733 Διὸς,
779 650 837 719 οὐκ
851 649 916 719 οἶδ’
929 649 1022 734 ὅπως
1035 658 1160 745 βραδύς

115 755 195 842 εἶμι
207 756 266 822 καὶ
277 751 384 838 χωλὸς
398 751 610 844 άμφοτίροις,
631 751 677 834 ῶς
688 755 787 839 μόλις
799 758 903 823 τελεῖν
917 754 974 823 ἐπὶ
991 755 1030 824 τὸ
1044 763 1157 846 τέρμα,

114 857 399 948 προγηράσαντος
412 857 515 925 ἐνίοτε
528 864 587 924 τοῦ
601 861 841 946 περιμένοντος,
862 853 989 926 ὁπόταν
1005 860 1041 926 δὲ
1051 857 1161 927 ἀπαλ-

115 960 312 1030 λάττεσθαι
322 960 388 1048 δίη,
398 956 530 1051 «πτηνὸν
545 956 635 1047 όφει,
654 958 741 1028 πολὺ
755 967 821 1027 τῶν
835 957 968 1049 ὀνείρων
983 959 1159 1052 ὠκύτερον·

116 1058 197 1148 ἅμα
219 1066 297 1149 γοῦν
319 1059 435 1130 ἐ’πεσεν
458 1061 477 1150 ἡ
501 1058 662 1150 ύσπληγξ,
691 1059 779 1149 κάγῶ
799 1059 869 1152 δίδη
898 1060 1161 1152 ἀνακηρύττομαι

115 1162 310 1251 νενικηκῶς,
335 1160 574 1255 ὑπερπηδήσας
591 1163 634 1232 τδ
650 1164 786 1233 στάδιον
804 1162 883 1233 ούδὲ
901 1165 1038 1234 ἰδόντων
1057 1165 1160 1235 ἐνίοτε

115 1272 191 1335 τῶν
209 1272 353 1333 θεατῶν.

174 1375 264 1431 ΕΡΜ.
302 1364 365 1437 Ούκ
383 1365 494 1456 ἀληθῆ
512 1376 616 1436 ταῦτα
635 1371 715 1461 φῄς·
744 1367 806 1457 ἕγῶ
827 1371 864 1437 δέ
879 1396 933 1437 τοι
955 1368 1101 1451 πολλούς
1120 1366 1160 1440 δν

119 1471 234 1539 εἰπεῖν
254 1471 361 1556 ἔχοιμί
377 1496 433 1538 σοι
448 1472 531 1553 χθὲς
548 1473 607 1557 μὲν
626 1469 703 1539 ούδὲ
722 1467 853 1557 ὀβολόν,
883 1468 969 1540 ὥστε
986 1480 1159 1562 πρίασθαι

117 1575 259 1662 βρόχον,
284 1574 473 1662 ἐσχηκότας,
500 1571 595 1663 άφνω
614 1576 651 1641 δὲ
668 1576 807 1664 τήμερον
825 1578 1006 1655 πλουσίους
1023 1579 1078 1643 καὶ
1096 1602 1160 1644 πο-

119 1678 271 1756 λυτελεῖς
289 1675 347 1744 ἐπὶ
365 1680 479 1744 λευκοῦ
503 1677 634 1764 ζεύγους
657 1676 899 1759 ἐξελαύνοντας,
928 1676 980 1757 οῖς
1003 1676 1079 1746 ούδὲ
1100 1676 1160 1746 κάν

121 1775 202 1858 ὄνος
219 1777 345 1868 ύπηρξε
363 1780 518 1846 πῶποτε·
541 1782 596 1845 καὶ
614 1776 705 1864 ὅμως
722 1793 895 1869 πορφυροῖ
914 1783 969 1846 καὶ
988 1781 1160 1869 χρυσόχει-

7 1892 9 1971 g
123 1906 181 1967 ρες
202 1886 429 1970 περιέρχονται
453 1879 523 1948 οὐδ’
540 1879 635 1950 αὐτοὶ
652 1883 877 1964 πιστεύοντες,
907 1879 1013 1967 οἶμαι,
1043 1879 1097 1950 ὅτι
1112 1883 1157 1971 μὴ

7 1980 9 1993 ’
126 1979 207 2068 όναρ
224 1987 439 2051 πλουτοῦσιν.

175 2086 313 2148 ΠΔΟῩΤ.
347 2084 507 2172 Ἑτεροῖον
524 2084 610 2153 τοῦτ’
622 2085 719 2171 ἐστὶν,
745 2078 898 2174 ῶἘρμῆ,
922 2088 977 2152 καὶ
997 2082 1069 2168 ούχὶ
1086 2099 1157 2167 τοῖς
1175 2110 1207 2159 21

7 2248 9 2261 ,
122 2185 268 2272 ἐμαυτοῦ
287 2192 369 2255 ποσὶ
386 2191 511 2275 βαδίζω
529 2190 614 2272 τότε,
635 2188 713 2257 ούδὲ
731 2187 748 2258 ό
767 2187 861 2271 Ζεὺς,
882 2186 981 2256 άλλδ
1000 2189 1158 2259 Πλούτων

123 2287 324 2357 ἀποστέλλει
340 2316 382 2376 με
400 2289 478 2381 παρ’
490 2289 609 2371 αύτούς
627 2288 684 2359 άτε
702 2294 928 2379 πλουτοδότης
945 2296 1000 2360 καλ
1017 2294 1159 2381 μεγαλό-

7 2480 9 2489 y
123 2394 233 2481 δωρος
250 2396 306 2460 καὶ
324 2391 425 2473 αύτδς
443 2390 502 2465 τόν·
526 2395 623 2482 δηλοῖ
637 2402 715 2480 γοῦν
737 2398 856 2482 καὶτῷ
881 2392 1029 2480 όνόματι.
1066 2395 1158 2464 ἐπει-

124 2494 186 2563 δὰν
204 2500 313 2563 τοίνυν
330 2501 585 2584 μετοικίσθῆναι
603 2497 658 2584 δέη
671 2521 713 2581 με
726 2495 804 2584 παρ’
812 2496 922 2585 ἑτέρου
937 2495 1023 2584 πρὸς
1037 2497 1155 2583 ἕτερον,

104 2589 159 2677 ’ἒς
177 2599 290 2666 δέλτον
308 2596 504 2684 ἐμβαλόντες
524 2623 566 2682 με
587 2601 643 2665 καὶ
664 2598 970 2686 κατασημηνάμενοι
992 2597 1157 2683 ἐπιμελῶς

123 2698 272 2789 φορηδὸν
296 2698 455 2789 άρύμενοι
476 2702 745 2787 μετακομίζουσι·
772 2703 828 2769 καὶ
856 2697 873 2766 ὃ
900 2701 959 2785 μὲν
985 2699 1097 2790 νεκρὸς
1123 2698 1157 2768 ἕν

124 2809 281 2891 σκοτεινῷ
298 2829 365 2871 που
384 2811 443 2893 τῆς
461 2804 567 2885 οἰκίας
584 2805 758 2894 πρόκειται
779 2800 862 2892 ὑπὲρ
886 2801 928 2871 τὰ
950 2803 1072 2892 γόνατα
1090 2830 1157 2870 πα-

123 2908 204 2995 λαιᾷ
229 2933 277 2993 τφ
307 2902 413 2996 ὀθόνῃ
437 2908 651 2993 σκεπόμενος,
680 2906 904 2996 περιμάχητος
929 2920 1003 2987 ταῖς
1028 2910 1154 2993 γαλαῖς,

124 3005 182 3093 ἐμὲ
205 3009 241 3076 δὲ
264 3009 297 3075 ol
320 3007 556 3090 ἐπελπίσαντες
579 3008 612 3077 ἒν
632 3017 672 3100 τῇ
696 3008 801 3100 ἀγορᾷ
822 3015 1037 3099 περιμένουσι
1062 3036 1155 3099 κεχη-

123 3112 214 3192 νότες
234 3107 347 3201 ῶσπερ
369 3110 428 3202 τὴν
447 3112 602 3196 χελιδόνα
624 3119 894 3202 προσπετομένην
915 3113 1100 3200 τετριγότες
1122 3112 1156 3179 οἱ

9 3210 13 3219 ’
123 3218 260 3282 νεοττοί.
297 3213 432 3281 ἐπειδὰν
455 3213 552 3282 δὲτὸ
576 3228 711 3302 σημεῖον
733 3213 905 3305 ἀφαιρεθῇ
927 3213 1044 3282 καὶτὸ
1067 3219 1154 3284 λίνον
1172 3236 1206 3288 22

125 3313 271 3407 ἐντμηθῇ
297 3319 353 3387 καὶ
376 3314 396 3404 ἡ
420 3318 533 3396 δέλτος
555 3313 697 3405 άνοιχθῇ
723 3321 779 3384 καὶ
805 3315 1015 3406 ἀνακηρυχθῇ
1043 3343 1107 3401 μου
1135 3314 1154 3384 ὃ

124 3417 233 3499 καινὸς
252 3420 416 3506 δεσπότης
433 3417 507 3507 ἤτοι
525 3419 678 3507 συγγενής
694 3445 746 3498 τις
762 3416 784 3507 ἢ
801 3420 902 3501 κόλαξ
918 3417 939 3507 ἢ
956 3420 1154 3505 καταπύγων

126 3521 251 3610 οἰκέτης
268 3521 302 3590 ἐκ
315 3523 480 3589 παιδικῶν
492 3528 611 3606 τίμιος,
630 3518 872 3610 ὑπεξυρημένος
886 3522 934 3589 ἐ’τι
946 3520 1004 3609 τὴν
1016 3521 1151 3608 γνάθον,

126 3620 197 3692 άντὶ
214 3627 374 3692 ποικίλων
395 3626 451 3690 καὶ
472 3625 696 3692 παντοδαπῶν
717 3621 856 3711 ἡδονῶν,
886 3623 926 3703 ἃς
947 3620 1008 3711 ἤδη
1032 3623 1153 3709 ἔξωρος

127 3722 170 3794 ῶν
187 3723 389 3818 ύπηρίτησεν
407 3722 505 3814 αύτῷ,
525 3732 609 3812 μέγα
625 3724 664 3793 τὸ
682 3731 847 3811 μίσθωμα
865 3722 883 3792 δ
901 3738 1047 3812 γενναῖος
1066 3722 1154 3794 άπο-

126 3825 247 3914 λαβὼν,
274 3828 395 3909 ἐκεῖνος
411 3830 483 3914 μὲν,
513 3824 605 3908 ὅστις
629 3826 668 3897 άν
689 3819 710 3918 ᾗ
733 3853 829 3910 ποτε,
859 3825 1094 3918 ἁρπασάμενός
1109 3855 1152 3914 με

127 3926 206 4029 αύτῇ
229 3933 332 4022 δίλτφ
355 3939 416 4000 θεῖ
436 3937 546 4023 φέρων
568 3928 641 3998 άντὶ
662 3938 721 3997 τοῦ
747 3935 831 4010 τέως
852 3937 996 4021 Πυρρίου
1023 3929 1152 4022 ἢΔρό-

126 4032 278 4126 μωυοςῆ
307 4042 419 4124 Τιβίου
445 4038 616 4127 Μεγακλῆς
642 4031 663 4126 ἢ
690 4035 879 4125 Μεγάβυζος
904 4033 926 4127 ἢ
952 4036 1151 4128 Πρώταρχος
