2724 4634
342 229 396 285 1x.
416 229 599 284 ENAAIOI
619 227 832 287 Δῐκιουοῑ
852 233 880 288 1.
1050 202 1054 209 ’
1083 218 1128 286 99

87 334 247 426 άμορφάν
265 332 355 404 ἐστιν
372 370 416 385 -
433 329 600 421 ἀνδρῶδες
614 334 676 422 γάρ
694 372 737 387 ·-·
756 330 776 405 ὅ
792 361 828 403 τε
851 334 1031 425 ὀφθαλμός
1053 338 1130 409 έπι·

86 443 217 530 πρέπει
234 443 282 525 τῷ
299 436 445 525 μετώπῳ
465 432 560 505 οὐδὲν
578 434 780 527 ἐνδεέστερον
794 433 879 528 ὁρῶν
892 436 914 527 ἢ
928 441 957 508 εἰ
971 439 1020 509 δύ’
1032 432 1125 529 ἦσαν.

141 547 223 603 ΔΩΡ.
253 536 395 622 Ἔοικας,
411 530 624 621 ώΓαλάτεια,
640 538 699 606 ούκ
712 538 859 630 ἐραστὴν,
879 538 947 608 ἀλλ’
964 540 1127 632 ἐρώμενον

89 643 177 729 ἐχειν
194 639 252 710 τὸν
269 644 486 731 Πολύφημον,
507 640 563 708 οἶα
581 639 728 722 ἐπαινεῖς
746 640 855 711 αύτύν.

141 753 224 808 ΓΔΑ
263 741 326 812 Θύκ
343 742 517 832 ἐρώμενον,
537 740 621 811 ἀλλὰ
637 744 676 811 τὸ
695 745 782 812 πάνυ
802 742 1016 815 ὀνειδιστικὸν
1027 754 1125 817 τοῦτο
1143 774 1160 821 2

62 890 65 899 ν
91 844 131 917 ού
146 853 239 938 φέρω
258 841 358 931 ύμών,
377 850 434 913 καί
449 871 509 932 μοι
527 847 651 914 δοκεῖτε
668 844 735 914 ύπὸ
754 848 886 938 φθόνου
906 846 985 917 αὐτὸ
1004 864 1123 933 ποιεῖν,

89 1053 150 1124 ἐπὶ
166 1058 227 1142 τῆς
242 1049 340 1142 ᾐόνος
358 1050 391 1119 ἐν
407 1062 479 1131 τοῖς
495 1050 648 1139 πρόποσι
665 1054 864 1141 τῆςΑἴτνης,
882 1050 960 1120 καθ
973 1054 990 1124 ὃ
1003 1053 1126 1139 μεταξὺ

87 1161 150 1225 τοῦ
168 1148 269 1243 ὅρους
285 1156 340 1221 καὶ
357 1160 416 1241 τῆς
428 1154 599 1242 θαλάττης
613 1154 762 1242 αἰγιαλός
775 1153 1028 1246 ἀπομηκύνεται,
1041 1154 1128 1243 ὖμᾶς

88 1260 150 1346 μέν
177 1255 256 1325 ούόέ
281 1259 525 1346 προσέβλεψα,
555 1255 618 1343 ἐμώ
647 1254 678 1324 δ’
700 1256 736 1340 ἐξ
760 1255 902 1327 άπαοών
927 1256 947 1349 ἡ
970 1262 1125 1347 καλλίστη

11 1360 12 1433 τ
90 1361 205 1443 ἐόοξα,
225 1363 280 1426 καί
296 1358 379 1448 μόνη
399 1357 473 1444 ἐμοὶ
491 1357 601 1441 ἐπεῖχε
617 1356 675 1427 τὸν
693 1357 882 1449 ὀφθαλμόν.
919 1368 1023 1429 ταῦτα
1040 1358 1127 1446 ύμάς
1247 1382 1250 1388 ’

11 1528 13 1543 1
90 1460 185 1551 άνιᾷ·
210 1462 327 1548 δεῖγμα
343 1459 405 1549 γὰρ
425 1457 471 1541 ώς
488 1458 630 1547 ἀμείνων
648 1462 716 1548 εἶμί
733 1466 789 1530 καλ
806 1459 1013 1552 ἀξιέραστος,
1033 1460 1127 1549 ὑμεῖς

11 1626 13 1665 ÷
92 1567 130 1634 δέ
146 1563 373 1657 παρώφθητε.

143 1674 225 1729 ΔΩΡ.
267 1666 312 1732 El
337 1670 472 1750 ποιμένι
497 1668 553 1732 καὶ
580 1662 683 1732 ἐνύεεί
706 1663 764 1754 τὴν
790 1661 871 1753 όψιν
895 1666 977 1755 καλὴ
1001 1666 1124 1750 έόοξας,

47 1774 50 1779 ’
90 1763 284 1859 ἐπίφθονος
310 1768 373 1835 οίει
394 1772 575 1855 μεμονέναι,
600 1770 709 1834 καίτοι
734 1771 769 1834 τί
790 1763 869 1834 άλλο
893 1767 925 1836 έν
948 1773 1002 1837 σοί
1029 1769 1128 1837 ἐπαι-

90 1878 187 1941 νέσαι
198 1866 283 1953 εἶχεν
295 1865 318 1959 ἢ
330 1869 368 1937 τὸ
382 1868 494 1937 λευκὸν
511 1869 627 1955 μόνους
647 1872 702 1937 καί
719 1874 831 1950 τοῦτο,
852 1866 959 1953 οἶμαι,
980 1867 1034 1938 ότι
1051 1896 1128 1938 συν-

91 1976 183 2067 ήθης
205 1972 277 2042 ἐστὶ
296 1979 385 2061 τυρῷ
406 1975 462 2039 καὶ
482 1974 635 2059 γάλακτι·
660 1971 772 2039 πάντα
794 1962 850 2041 σύν
868 1970 909 2039 τὰ
928 1968 1030 2057 ὅμοια
1050 1974 1127 2039 τού-

91 2103 166 2158 τοις
191 2073 320 2166 ἡγεῖται
344 2075 439 2142 καλά.
479 2073 553 2142 ἐπεί
578 2075 620 2142 τά
646 2100 684 2162 γε
709 2070 794 2142 άλλα
817 2071 943 2142 ὁπόταν
965 2072 1160 2162 ἐθελήσηςε

92 2186 229 2269 μαθεῖν,
249 2177 306 2246 οἵα
322 2178 490 2265 τυγχάνεις
507 2167 592 2245 ούσα
608 2175 666 2266 τὴν
684 2172 778 2265 όψιν,
799 2174 868 2245 άπὸ
885 2183 1010 2267 πέτρας
1026 2172 1124 2258 τινὸς,

93 2283 226 2352 εἴποτε
243 2281 363 2370 γαλήνη
383 2280 447 2367 εἴη,
475 2278 670 2367 ἐπικύψασα
691 2280 726 2360 ἐς
746 2279 786 2349 τὸ
803 2276 893 2370 ὕδωρ
917 2279 966 2350 ίόέ
989 2278 1127 2367 σεαυτὴν

93 2383 190 2455 σύόέν
213 2382 293 2452 άλλο
316 2381 337 2472 ἢ
356 2383 459 2472 χρόαν
480 2381 594 2470 λευκὴν
616 2380 774 2469 ὀκριβώς·Ι
802 2380 860 2451 ούκ
883 2383 1069 2451 ἐπαινεῖται
1091 2382 1129 2448 (δὲ

91 2495 209 2569 τοῦτο,
226 2482 264 2576 ἢν
281 2485 326 2574 μὴ
345 2483 514 2574 ἐπιπρέπῃ
534 2482 623 2572 αύτῷ
639 2484 750 2552 καὶτὸ
769 2485 934 2575 ἐρύθημα.

143 2598 227 2654 ΓΑΔ,
268 2591 334 2657 Καί
350 2585 413 2676 μὴν
431 2585 494 2673 ἐγώ
508 2583 598 2675 μὲνὴ
614 2584 763 2675 ἀκράτως
775 2586 870 2676 λευκὴ
885 2583 976 2667 ὅμως
990 2582 1129 2675 ἐραστὴν

93 2694 158 2780 ἔχω
181 2688 241 2760 κάν
262 2696 393 2771 τοῦτον,
421 2686 513 2776 ύμών
535 2689 571 2759 δέ
595 2686 652 2756 ούκ
673 2688 761 2757 ’ἐστιν
783 2685 896 2778 ἥντινα
917 2687 940 2778 ἢ
961 2685 1086 2774 ποιμὴν
1108 2682 1158 2775 ἢκ

93 2798 214 2885 ναύτης
230 2790 252 2884 ἢ
269 2790 443 2881 πορθμεὺς
461 2792 604 2861 ἐπαινεῖ·
623 2788 641 2859 ὃ
661 2793 697 2859 δέ
714 2793 915 2882 Πολύφημος
932 2791 974 2861 τό
991 2815 1026 2858 τε
1046 2786 1131 2855 άλλα

93 2903 151 2968 καὶ
167 2896 327 2983 μουσικός
345 2895 425 2963 ἐστι.

146 3009 229 3064 ΔΩΡ.
268 2998 403 3080 Σιώπα,
423 2987 639 3065 ώΓαλάτεια·
656 2995 842 3087 ἠκούσαμεν
859 2994 962 3065 αὐτοῦ
980 2994 1126 3087 ᾄδοντος,
1147 3015 1164 3063 4

96 3102 203 3175 ὁπότε
221 3100 371 3186 ἐκώμασε
387 3100 503 3189 πρώην
521 3099 578 3168 ἐπὶ
596 3104 649 3170 σέ·
671 3097 846 3192 Ἀφροδίτη
869 3103 965 3190 φίλη,
993 3096 1068 3169 όνον
1090 3092 1132 3165 άν

94 3234 148 3289 τις
167 3203 334 3293 ὀγκᾶσθαι
352 3202 453 3285 ἐόοξε.
488 3205 544 3270 καὶ
567 3199 647 3292 αύτὴ
666 3203 703 3271 δέ
724 3201 744 3293 ἡ
762 3206 881 3293 πηκτὶς
903 3203 974 3270 οἵα·
1000 3207 1130 3291 κρανίον

97 3308 225 3398 ἐλάφου
247 3303 366 3395 γυμνὸν
387 3312 453 3374 τῶν
476 3310 617 3394 σαρκῶν,
648 3307 705 3373 καί
725 3303 767 3376 τὰ
787 3307 846 3391 μέν
867 3311 988 3394 κέρατα
1014 3302 1131 3390 πήχεις

97 3409 214 3499 ώσπερ
231 3400 329 3499 ἦσαν,
349 3408 496 3496 ζυγώσας
514 3407 550 3475 δέ
568 3405 652 3475 αύτά
665 3410 720 3475 καί
734 3405 861 3495 ἐνάψας
873 3407 915 3476 τὰ
928 3412 1035 3493 νεῦρα,
1056 3399 1133 3469 οόδέ

96 3515 241 3583 κόλλοπι
257 3515 498 3599 περιστρέψας,
522 3508 679 3598 ἐμελῴδει
696 3504 844 3595 άμουσόν
858 3535 893 3576 τι
910 3511 966 3575 καὶ
983 3502 1130 3594 άπφόὸν,

97 3614 181 3687 άλλο
198 3616 258 3703 μὲν
277 3611 375 3694 αύτὸς
390 3618 493 3699 βοῶν,
512 3608 592 3679 άλλο
611 3612 648 3680 δέ
664 3610 684 3701 ἦ
703 3612 786 3702 λύρα
802 3606 936 3699 ὗπήχει,
957 3604 1042 3676 ώστε
1056 3603 1134 3675 ούόὲ

97 3724 246 3802 κατέχειν
267 3715 324 3785 τὸν
345 3718 471 3805 μέλισσα
497 3712 687 3799 ἐδυνάμεθα
709 3712 767 3782 ἐπὶ
787 3718 835 3801 τῷ
854 3711 999 3802 ἐρωτικῷ
1021 3709 1133 3796 ἐκείνῳ

99 3818 242 3912 ᾅσματι·
264 3816 285 3907 ἡ
303 3820 362 3906 μλν
378 3816 441 3907 μὰρ
452 3813 535 3900 Ἠχώ
554 3813 639 3901 ούόέ
650 3813 893 3906 ἀποκρίνεσθαι
910 3812 1000 3901 αὐτῷ
1013 3807 1134 3901 ἤθελεν

101 3920 189 3992 σύτω
213 3922 313 4002 λάλος
335 3912 419 3989 ούσα
438 3922 650 4009 βρυχωμένῳ,
678 3914 746 3985 ἀλλ’
765 3915 935 4008 ᾐσχύνετο,
963 3915 994 3983 εί
1015 3917 1134 4005 φανείη

75 4028 287 4115 μιμουμένη
304 4036 458 4112 τραχεῖαν
474 4019 561 4113 άόην
581 4023 637 4090 καί
653 4022 902 4110 καταγέλαστον.
938 4016 1036 4108 ἔφερε
1058 4009 1134 4085 ύέό
1168 4033 1187 4086 υ

947 4122 961 4152 C

925 4120 941 4177 7
