2752 4632
390 231 474 287 XIII.
499 231 602 286 ΠΕΡΙ
623 231 784 287 ΘΥΣΙΩΝ
806 228 918 287 7-Ῐ2.·
1103 219 1167 286 189
1222 294 1225 301 Ι

129 336 171 407 αἶ
183 348 298 422 Ὗμνῖαι
323 333 363 425 ἢν
381 336 420 404 55
440 326 652 405 οἰκόσιτον
625 358 703 418 ωσι,
730 341 845 424 νέκταρ
867 337 923 405 καὶ
940 314 1159 422 ἀμβροσία
1124 361 1164 405 το

129 443 277 535 δεῖπνον.
312 439 420 508 πάλαι
435 429 552 563 μέν’
513 463 570 506 ουν
586 440 643 506 καλ
660 435 857 528 ἀνθρωποι
861 445 1089 535 συνειστιῶντο
1111 442 1168 507 καὶ

128 548 307 611 συνέπινον
324 537 451 623 αὐτοῖς,
471 567 490 609 ο
478 536 606 624 ΗΙξίαν
622 537 714 610 καῖ’
696 567 716 609 ο
736 542 919 621 Τάνταλος
938 540 1013 611 ἐπεὶ
1031 532 1104 611 55
1083 566 1167 631 ησαν

128 642 286 730 ὑβρισταί
307 646 362 713 καλ
383 643 501 726 λάλοι,
522 641 641 714 έκεῖνοι
659 645 719 730 μὲν
742 643 792 712 ότι
811 646 925 713 καλ
888 671 944 713 νυν
964 644 1165 770 κολάζοντφι,

129 742 258 832 ἀβατος
284 745 322 814 55
346 752 396 836 τῷ
421 752 535 835 θνητῳ
560 751 646 835 γένει
670 743 776 815 καῖ’
756 747 946 836 απόρρητος
972 742 990 814 5
1017 743 1166 852 οὐρανός.

128 854 284 929 τοιοῦτος
305 844 416 934 σβυς
436 855 504 917 τῶν
523 854 626 918 θεῶν.
659 855 849 975 τοιγαροῦν
855 852 911 919 καί
933 848 966 916 ολ
988 832 1167 975 ἀνθριρποι
1185 871 1219 923 10

130 949 267 1039 συνῳδὰ
287 951 421 1033 τούτοις
440 953 497 1021 καὶ
517 947 692 1020 ἀκόλουθα
712 954 793 1043 περὶ
811 949 874 1032 τάς
894 950 1107 1040 θρησκείας
1092 976 1168 1020 επυ-
1253 971 1265 977 “

1 1069 2 1106 ³
129 1054 323 1142 κηδεύσασι·
357 1056 417 1122 καί
438 1059 572 1142 πρῶτον
596 1055 655 1140 μέν
681 1049 762 1136 όλας
789 1051 992 1141 ἀπετέμοντο
1018 1057 1074 1123 καὶ
1101 1050 1161 1143 όρη

131 1153 297 1227 ἀνέθεσαν
321 1157 379 1225 καὶ
404 1151 739 1245 ἀρνεακαθιέρωσαν
763 1159 818 1227 καὶ
845 1154 936 1246 φυτὰ
957 1156 1168 1246 ἐπεφήμισαν

131 1256 261 1346 ἑκάστῳ
279 1264 369 1347 θεῷ’
394 1256 479 1345 μετὰ
496 1260 533 1329 55
549 1262 741 1347 νειμάμενοι
756 1257 842 1327 κατὰ
858 1259 940 1349 όθνη
959 1263 1095 1346 σέβουσι
1111 1261 1168 1327 καὶ

99 1356 105 1364 ’
131 1362 275 1441 πολίτας
292 1357 400 1430 αὐτῶν
418 1358 674 1452 ἀποφαίνουσιν,
694 1360 712 1431 5
730 1363 789 1449 μὲν
797 1359 931 1450 Δελφὸς
946 1360 1003 1430 τόν
1016 1358 1189 1432 Ἀπόλλω.

130 1464 188 1529 καὶ
205 1459 225 1529 5
243 1463 378 1553 Δήλιος,
396 1460 417 1532 5
436 1462 467 1532 δ’
474 1461 649 1553 Ἀθηναῖος
665 1462 723 1553 τήν
736 1461 875 1554 Ἀθηνᾶν
893 1474 936 1516 -‘-
952 1478 1169 1556 μαρτυρεῖται

130 1571 211 1653 γοῦν
229 1563 289 1653 τήν
312 1566 499 1654 οἰκειότητα
518 1563 723 1655 τῳόνόματι
740 1606 784 1618 -·-
800 1571 857 1635 καὶ
877 1564 1046 1657 τήυἭραν
1064 1564 1082 1635 5
1097 1554 1168 1656 1³15ss
1220 1641 1223 1645 ,

130 1680 221 1755 γεῖος
236 1671 294 1735 καλ
311 1664 528 1757 δΜυγδόνιος
544 1668 602 1757 τήν
611 1666 697 1738 Ῥέαν
713 1671 770 1736 καλ
785 1669 844 1759 τήν
856 1668 1050 1759 Ἀφροδίτην
1068 1666 1169 1741 5115-

132 1794 225 1859 φιος,
250 1767 334 1839 055²
350 1760 393 1838 55
400 1778 525 1861 Κρήτας
543 1767 580 1839 σά
598 1775 756 1859 γενέσθαι
772 1768 851 1860 παρ’
865 1768 981 1852 αὐτοῖς
998 1771 1075 1841 0555
1087 1799 1168 1860 τρα-

132 1877 237 1961 φήναι
260 1873 362 1957 μόνον
388 1870 445 1960 τὸν
467 1879 532 1942 Δία
554 1875 717 1961 λέγουσα,
744 1869 830 1940 ἀλλὰ
855 1877 911 1942 καλ
934 1875 1042 1964 τάφον
1064 1871 1166 1942 αὐτοῦ
1253 1873 1256 1879 ’

134 1974 345 2043 δεικνύουσι·“
366 1978 423 2042 καὶ
443 1972 538 2065 ήμεῖς
560 1971 626 2065 ἀρα
646 1983 806 2044 τοσοῦτον
827 1974 1032 2066 ἠπατήμεθα
1050 1977 1166 2064 χρόνον

133 2077 281 2162 οἰόμενοι
302 2075 360 2145 τὸν
376 2083 443 2147 Δία
463 2084 603 2167 βροντάν
628 2104 665 2159 τε
686 2082 742 2146 καὶ
763 2074 831 2148 δἐιν
853 2081 909 2149 καὶ
929 2075 1035 2147 τάλλα
1056 2079 1167 2147 πάντα

132 2177 309 2263 ἐπιτελεῖν,
331 2176 407 2248 555
425 2179 578 2270 ἐλελήθει
594 2167 702 2250 πάλαι
718 2179 866 2263 τεθνεὼς
881 2179 977 2307 παρὰ
991 2184 1098 2272 Κρησὶ
1114 2205 1169 2251 τε·

131 2287 315 2380 θαμμένσς.
341 2281 512 2355 όπειταδὲ
525 2282 625 2365 ναοὺς
641 2281 893 2375 5555555553f'
855 2313 885 2354 ιν
909 2281 1023 2366 αὐτοῖς
1034 2283 1080 2374 μή
1094 2281 1168 2355 ἀοι·
1185 2306 1217 2356 11

131 2409 186 2455 κοι
204 2374 289 2473 μηδὲ
310 2381 458 2457 ἀνέστιοι
480 2377 633 2475 δῆθεν
605 2411 702 2470 ωσιν,
733 2388 861 2469 εἰκόνας
888 2384 1002 2468 αὐτοῖς
1027 2386 1168 2456 ἀπεικά-
1267 2402 1271 2406 “

133 2487 228 2569 ζουσι
256 2491 545 2576 παρακαλέσαντες
574 2485 607 2613 5
626 2487 879 2579 Πραξιτέλην”
856 2517 877 2578 η
903 2487 1167 2561 Πολύκλειτον
1145 2518 1166 2579 η

96 2598 99 2602 ’
135 2591 282 2672 Φειδίαν,
311 2590 398 2659 055’
419 2588 478 2677 οὐκ
500 2587 607 2660 05³⁰
586 2616 674 2660 σπου
698 2592 824 2672 ἰδόντες
844 2589 1093 2681 ἀναπλάττουσι
1113 2616 1169 2679 γε·
1241 2607 1243 2610 ’

117 2694 261 2782 “νειήτην
276 2695 335 2779 μὲν
351 2694 409 2764 τόν
427 2703 507 2778 Δία,
534 2696 643 2765 παῖδα
661 2693 693 2765 5'
708 2694 815 2764 είσαελ
834 2692 893 2763 τὸν
905 2690 1095 2765 Ἀπόλλωνα
1112 2696 1169 2760 καὶ
1186 2758 1188 2761 ,
1282 2754 1289 2775 ,

130 2793 189 2864 τὸν
203 2793 320 2885 Ἑρμήν
337 2794 503 2888 όπηνήτην
519 2802 575 2868 καὶ
591 2796 649 2866 τὸν
665 2799 861 2869 Ποσειδῶνα
877 2801 1091 2884 κυανοχαίτην
1112 2797 1169 2863 καὶ

131 2900 322 2986 γλαυκῶπιν
339 2898 397 2990 τήν
410 2897 562 2989 Ἀθηνᾶν,
590 2897 682 2987 ὅμως
699 2898 731 2997 δῖ
747 2891 805 2973 οὖν
823 2900 857 2968 ολ
873 2901 1052 2989 παριόντες
1065 2897 1099 2981 ές
1111 2897 1168 2967 τὸν

131 2998 214 3070 νεῶν
234 3000 313 3079 οὔτε
332 2999 391 3072 τὸν
412 3001 450 3087 ἐξ
462 3000 570 3073 Ἰνδῶν
587 3004 751 3094 ἐλέφαντα
773 3003 823 3073 ἔτι
844 3003 973 3073 σἰὀνται
995 2999 1075 3090 ἀράν
1093 2998 1168 3070 οότε

131 3101 171 3173 τὸ
194 3103 229 3171 έκ
249 3112 308 3195 τής
330 3106 456 3196 θρᾴκης
476 3109 700 3233 μεταλλευθὲν
719 3113 868 3230 χρυσίον,
896 3101 966 3174 ἀλλ’
986 3102 1087 3175 αὐτὸν
1110 3102 1168 3173 τὸν

132 3208 260 3334 Κρόνου
287 3210 344 3276 καὶ
360 3205 447 3289 Ῥέας
469 3207 558 3289 ές
522 3236 581 3297 την
602 3215 661 3298 γήν
682 3206 751 3278 ἀπὸ
771 3210 867 3278 Φειδί
853 3214 905 3278 ίου
915 3208 1169 3296 μετῳκισμένον

132 3309 188 3376 καὶ
203 3307 267 3396 τήν
279 3317 430 3380 Πισαίων
447 3310 583 3402 ἐρημίαν
600 3309 796 3381 ἐπισκοπεῖν
810 3307 1107 3396 κεκελευσμένον,’
1088 3334 1170 3397 αγα-

132 3418 250 3481 πάντα
267 3413 298 3485 εί
315 3412 373 3483 διὰ
390 3419 489 3487 πέντε
507 3410 593 3485 όλιον
610 3411 693 3481 έτῶν
710 3412 814 3482 θόσει
829 3438 883 3493 τις
899 3410 990 3501 αὐτῷ
1002 3412 1169 3501 πάρεργον

129 3504 323 3642 Ολυμφίυιν.
349 3523 488 3605 θέμενοι
506 3518 542 3586 55
554 3514 699 3640 δρυμοὺς
700 3518 756 3586 καὶ
768 3516 969 3605 προρρήσεις
980 3518 1036 3584 καὶ
1052 3538 1171 3604 περιρ-
1188 3535 1219 3584 12

133 3620 292 3742 ραιτήρια
312 3620 524 3746 προσάγουσι
543 3618 604 3701 τὰς
624 3626 763 3715 θυσίας,
788 3625 871 3706 βοῦν
890 3615 996 3704 μλν’
976 3624 1121 3707 ορατήρα
1148 3612 1169 3685 5

132 3720 291 3810 γεωργὸς,
310 3721 394 3814 ἀρνα
408 3720 486 3792 555
503 3721 628 3812 ποιμήν
644 3710 702 3799 καλ
718 3718 832 3809 alya‘
814 3749 833 3792 ο
852 3717 1044 3845 αίπόλος,“
1027 3747 1046 3789 ο
1065 3722 1102 3787 δέ
1118 3745 1169 3800 τις

133 3823 346 3909 λιβανωτὸν
325 3853 346 3914 5
355 3826 522 3909 πόπανον,
541 3822 613 3895 555
624 3828 725 3997 πένφς
739 3822 925 3895 λλάσατο
892 3850 949 3895 τον
958 3820 1041 3892 θεὸν
1055 3827 1169 3902 σείσας

133 3926 236 4012 μόνον
248 3925 306 4016 τήν
319 3924 420 4001 αάτου
405 3928 555 4012 δεξιάν.
586 3922 703 3998 άλλῖ
665 3954 684 3996 ο
710 3953 749 4017 γε
761 3922 1015 4008 θύοντες-ἐπ’
1026 3923 1168 4005 ἐκείνους

133 4027 199 4120 γὰρ
215 4027 421 4118 ἐπάνειμι-ὲ
430 4034 700 4124 στεφανώσαντες
715 4029 755 4101 τὸ
770 4032 852 4121 ζῶον
864 4031 922 4103 καλ
931 4029 1020 4101 πολό
1033 4053 1070 4118 γε
1082 4028 1170 4119 πρό·
1256 4032 1258 4036 “
