2722 4646
311 290 316 297 ·
435 258 472 315 V.
494 254 634 312 ΤΙΜΩΝ
652 257 771 313 11-16,
1083 249 1125 315 35

87 356 369 454 ἀνατρεφόμενον,
392 370 441 451 τῶ
462 360 553 450 Τόκῳ
572 365 627 428 καὶ
644 369 692 451 τῷ
709 350 881 453 Λογισμῷ.
918 356 1031 434 ἀτοπα
1047 374 1126 456 γοῦν
1144 390 1177 451 14

85 478 197 537 ποιεῖν
218 464 362 557 ἔφασκες
381 462 500 545 αύτούς
519 464 661 553 ἐρῶντας
676 466 737 550 μέν
754 466 802 546 εἰς
824 464 1024 558 ὑπερβολήν,
1053 466 1126 552 ἐξόν

87 572 122 639 δέ
139 568 330 637 ἀπολαύειν
349 593 387 635 ου
375 564 608 653 τολμῶντας,
637 565 715 636 οὐδὲ
737 566 788 637 ἐπ’
805 567 919 651 ἀδείας
939 578 1127 658 χρωμένους

84 680 130 761 τῷ
150 673 254 795 ερωτι
272 676 403 760 κυρίους
419 695 456 759 γε
475 667 580 751 ὄντας,
601 667 686 738 ἀλλὰ
704 672 880 762 φυλάττειν
898 667 1123 762 ἐγρηγορότας,

85 774 175 856 ἐς
138 802 181 844 το
206 787 345 865 σημεῖον
367 772 503 843 καὶτὸν
524 772 647 859 μοχλὸν
665 771 910 864 ἀσκαρδαμυκτί
931 779 1123 862 βλέποντας,

85 876 199 967 ικανήν
210 874 400 945 ἀπόλαυσιν
414 873 636 962 οἰομένους
600 902 638 943 ου
652 874 691 944 τὸ
706 873 827 957 αύτούς
840 873 1021 947 ἀπολαύειν
1031 878 1134 962 ἔχειν,

84 977 173 1048 ἀλλὰ
189 977 230 1048 τὸ
253 981 370 1069 μηδενὶ
390 981 605 1065 μεταδιδόναι
626 986 685 1065 τῆς
707 976 938 1064 ἀπολαύσεως,
966 983 1125 1069 καθάπερ

82 1078 140 1172 τήν
162 1081 196 1150 ἐν
214 1089 255 1172 τῇ
274 1082 381 1171 φάτνῃ
400 1082 480 1149 κύνα
497 1084 579 1170 μήτε
598 1078 699 1170 αύτήν
718 1081 900 1151 ἐσθίουσαν
912 1090 979 1152 τῶν
996 1090 1126 1174 κριθῶν
1218 1086 1220 1089 ’

81 1188 169 1276 μήτε
186 1192 236 1273 τῷ
259 1186 358 1274 ἵππῳ
382 1193 539 1254 πεινῶντι
562 1185 817 1274 ἐπιτρέπουσαν.
853 1191 909 1255 καὶ
926 1195 1067 1277 προσέτι
1088 1214 1126 1275 γε

81 1293 138 1357 καὶ
157 1292 336 1375 κατεγέλας
355 1286 461 1356 αὐτῶν
480 1290 682 1377 φειδομένων
696 1292 751 1355 καί
765 1292 996 1379 φυλαττόντων
1013 1293 1068 1358 καὶ
1086 1289 1125 1359 τὸ

82 1393 281 1460 καινότατον
307 1389 428 1471 αύτούς
460 1392 741 1479 ζηλοτυπούντων,
779 1389 981 1479 ἀγνοούντων
1013 1395 1049 1461 δέ
1080 1390 1144 1474 ῶς,

80 1496 274 1584 κατάρατος
297 1494 423 1583 οἰκέτης
444 1491 466 1582 ἢ
490 1494 662 1578 οἰκονόμος
684 1494 855 1582 πεδότριψ
881 1492 1045 1563 όπεισιῶν
1066 1499 1125 1562 λα-

80 1604 220 1685 θραίως
238 1595 476 1684 ἐμπαροινήσει
492 1595 550 1665 τὸν
567 1599 789 1683 κακοδαίμονα
806 1600 861 1663 καί
880 1593 1057 1683 ἀνέραστον
1072 1600 1125 1665 δε-

81 1699 217 1786 σπότην
234 1696 321 1788 πρὸς
343 1696 378 1784 ἀγ
364 1700 494 1785 μαυρόν
515 1727 549 1766 τι
569 1703 625 1767 καλ
646 1700 868 1788 μικρόστομον
889 1702 981 1784 λυχνί
967 1701 1052 1767 ίδιον
1069 1702 1124 1767 καὶ

1 1831 2 1870 1
82 1803 251 1888 διψαλέον
276 1803 423 1889 θρυαλλί
411 1801 536 1869 ίδιον’
523 1814 744 1890 επαγρυπνεῖν
771 1801 873 1880 ἐάσας
902 1815 975 1883 τοῖς
1001 1803 1123 1882 τόκοις.

82 1911 163 1983 πῶς
181 1906 237 1970 οὐν
257 1899 316 1970 οάκ
334 1902 434 1971 ἀδικα
455 1911 574 1985 ταῦτα,
603 1905 711 1971 πάλαι
727 1904 787 1989 μὲν
806 1902 911 1971 ἐκεῖνα
934 1904 1122 1985 αἰτιᾶσθαι,

83 2013 145 2075 νῦν
164 2007 200 2072 δὲ
214 2011 263 2092 τῷ
286 2011 409 2090 Τίμωνι
426 2033 468 2074 τα
455 2004 616 2073 ἐναντία
635 2005 819 2090 ἐπικαλεῖν,·

139 2115 278 2169 ΠΛΟΥΤ.
313 2107 436 2175 Καὶ
395 2135 461 2194 μην
479 2109 512 2176 εἲ
525 2134 562 2196 γε
579 2106 723 2197 τάληθές
741 2102 970 2191 ἰξετάζοις,”
947 2131 1049 2194 αμφω
1069 2130 1124 2174 σοι
1143 2129 1175 2177 15

87 2207 209 2297 εύλογα
228 2211 315 2291 δόξω
334 2223 460 2279 ποιεῖν’
482 2218 541 2279 τοῦ
559 2236 595 2278 τε
612 2210 674 2299 γὰρ
696 2217 842 2297 Τίμωνος
859 2207 897 2278 τὸ
915 2209 1122 2276 πάντ’τοῦτο

86 2309 257 2397 ἀνειμένον
276 2309 393 2397 ἀμελές
410 2315 466 2380 καί
485 2311 544 2380 ούκ
566 2312 712 2381 εὐνοϊκὸν
735 2310 781 2394 ῶς
798 2311 886 2401 πρὸς
908 2310 966 2398 ἐμὲ
989 2310 1124 2392 εἰκότως

1 2477 2 2480 ,
85 2413 126 2483 ἀν
146 2418 270 2504 δοκοίη,
289 2415 368 2494 τούς
385 2441 421 2482 τε
439 2406 482 2482 αὖ
499 2416 731 2484 κατάκλειστον
749 2415 782 2484 ἐν
799 2417 924 2501 θύραις
941 2418 996 2481 καί
1015 2416 1122 2503 σκότῳ

85 2520 324 2607 φυλάττοντας,
346 2514 439 2598 ὅπως
458 2516 572 2597 αὐτοῖς
590 2519 774 2606 παχύτερος
790 2520 1010 2604 γενοίμηνκαί
1024 2544 1124 2601 πιμε-

84 2621 145 2711 λὴς
162 2624 219 2688 καί
232 2617 414 2709 όπέρογκος
427 2619 713 2705 ἐπιμελουμένους,
735 2616 809 2686 ούτε
826 2624 1124 2708 προσαπτομένοίς
1190 2643 1204 2666 ⁸

86 2722 210 2803 αὐτοὺς
225 2719 308 2790 ὀύτε
334 2722 367 2801 ἒς
388 2722 427 2790 τὸ
450 2729 526 2812 φῶς
550 2724 772 2811 προάγοντας,
801 2718 847 2800 ῶς
872 2722 955 2807 μηδὲ
978 2718 1123 2811 ὀφθείην

84 2827 174 2912 πρός
191 2851 293 2908 τινος,
315 2821 473 2913 ἀνοήτους
491 2824 639 2910 ἐνόμιζον
658 2821 815 2892 εἶναικαὶ
832 2820 1003 2911 όβριστδις,
1029 2820 1123 2890 οὐδέν

86 2926 264 2996 ἀδικοῦπά
282 2952 324 3010 με
341 2925 408 2995 ύπὸ
426 2929 600 3009 τοσούτοις
622 2929 757 3012 δεσμοῖς
774 2927 1038 3014 κατασήποντας,
1065 2923 1123 2993 οὐκ

85 3030 220 3110 εἰδότας
243 3026 288 3110 ῶς
310 3027 395 3115 μετὰ
415 3029 533 3120 μικρὸν
556 3027 696 3097 ἀπίασιν
719 3028 808 3117 άλλῳ
830 3031 896 3097 τινὶ
922 3035 988 3096 τῶν
1011 3027 1122 3096 εύδαι-

83 3133 197 3229 μόγων
214 3158 255 3218 με
268 3132 514 3213 καταλιπόντες.
543 3130 610 3201 οὔτ’
623 3124 680 3201 οὖν
694 3131 836 3211 ἐκείνους
850 3128 927 3199 ούτε
941 3129 1019 3212 τοὺς
1033 3131 1120 3199 πάνυ
1141 3153 1172 3201 16

84 3239 284 3325 προχείρους
303 3235 350 3316 εἰς
368 3234 424 3319 ἐμέ
437 3235 576 3316 τούτους
589 3233 725 3316 ἐπαινῶ,
746 3230 829 3301 ἀλλὰ
843 3232 929 3314 τοὺς,
950 3230 1034 3320 όπερ
1049 3230 1122 3319 ἀρι-

87 3337 166 3405 στόν
190 3336 274 3418 ἐστι,
301 3343 420 3425 μέτρον
442 3336 669 3426 ἐπιθήσοντας
690 3343 737 3424 τῷ
759 3337 933 3426 πράγματι
958 3340 1014 3403 καὶ
1039 3335 1122 3422 μήτε

87 3435 313 3530 ἀφεξομένους
333 3439 371 3508 τὸ
394 3440 556 3530 παράπαν
580 3439 665 3528 μήτε
691 3443 941 3528 προησομένους
965 3434 1004 3504 τὸ
1033 3433 1120 3503 ὅλον.
1163 3477 1166 3482 ·

87 3543 207 3611 σκόπει
224 3539 301 3630 γὰρ,
330 3532 358 3608 ῶ
375 3548 454 3623 Ζεῦ,
479 3540 565 3631 πρὸς
581 3548 643 3610 τοῦ
661 3538 757 3622 Διὸς,
786 3539 819 3608 εἰ
832 3565 884 3619 τις
905 3540 996 3626 νόμην
1015 3537 1121 3625 γήμας

85 3656 224 3733 γυναῖκα
241 3650 316 3712 νέαν
336 3647 393 3712 καὶ
413 3642 513 3731 καλήν
536 3642 654 3712 ’ἔπειτα
675 3643 757 3730 μήτε
779 3643 948 3730 φυλάττοι.
964 3640 1047 3728 μήτε
1066 3641 1121 3726 ζη-

86 3750 231 3816 λοτυποῖ
245 3744 285 3815 τδ
304 3748 475 3837 παράπαν,
496 3743 608 3837 ἀφιείς
621 3748 677 3811 καὶ
689 3743 837 3830 βαδίζειν
850 3742 935 3810 ἔνθα
949 3739 988 3810 ἀν
1005 3741 1120 3808 ἐθέλοι

86 3851 212 3939 νύκτωρ
234 3852 289 3917 καὶ
311 3848 388 3935 μεθ
403 3847 526 3939 ἡμέραν
550 3851 607 3914 καί
635 3859 779 3915 συνεῖναι
800 3858 872 3924 τοῖς
893 3847 1117 3931 βουλομένοις,

85 3958 211 4040 μᾶλλον
234 3953 271 4020 δὲ
293 3949 392 4033 αὐτὸς
415 3949 541 4040 ἀπάγοι
562 3953 867 4038 μοιχευθησομένην
894 3944 1034 4035 ἀνοίγων
1060 3940 1125 4027 τὰς’

86 4057 195 4148 θύρας
223 4056 280 4125 καί
298 4055 546 4145 ,μαστροπεύων
571 4053 628 4122 καὶ
653 4051 789 4135 πάντας
808 4046 859 4123 ἐπ’
877 4048 977 4140 αύτήν
1002 4052 1121 4133 καλῶν,

915 4151 950 4208 80
