2722 4646
212 218 255 286 28
394 294 397 297 ,
597 228 852 317 κοκκιιαοκ

176 356 194 409 8
211 335 300 406 πάνυ
316 361 351 403 τι
369 332 547 421 ἐδακνόμην
565 329 617 399 ἐπ’
629 329 757 413 αὐτοῖς*
776 328 880 399 ὁπότε
898 328 930 399 δ’
946 330 981 399 ἐκ
998 331 1124 402 τούτων
1141 331 1247 425 ἀρξά-

210 463 308 525 μενον
331 436 489 525 ἐτόλμησε
510 440 697 525 καττίτερον
719 435 826 503 εἰπεῖν
847 436 904 503 καὶ
920 434 1070 520 κάττυμα
1091 441 1146 504 καὶ
1164 443 1247 507 πίτ-

211 567 282 623 ταν,
300 537 372 608 εἶτα
390 536 644 627 ἀπερυθριᾶσαν
661 539 717 604 καὶ
733 539 926 622 βασίλιτταν
945 534 1129 624 ὀνομάζειν,
1154 537 1246 609 ἀπο-

214 648 348 729 στεροῦν
364 667 407 727 με
423 648 490 709 τῶν
508 644 784 728 συγγεγενημένων
800 664 860 724 μοι
876 641 932 707 καί
946 646 1246 732 συντεθραμμένων

95 782 98 787 >
212 746 421 834 γραμμάτων,
442 741 480 812 ού
498 749 640 832 μετρίως
658 741 715 809 ἐπὶ
736 743 867 822 τούτοις
889 739 1060 829 ἀγανακτῶ
1081 746 1137 811 καί
1159 750 1249 831 πλα-

212 873 346 936 πραμαι
364 844 473 926 δεδιὸς
489 843 534 933 μή
552 851 600 933 τῷ
617 846 725 933 χρόνῳ
744 847 802 912 καὶ
822 841 865 912 τὰ
888 851 971 913 σῦκα
991 845 1074 913 τῦκά
1095 872 1147 926 τις
1168 843 1250 916 ἀνο-

211 952 313 1040 μάση.
339 955 396 1017 καί
410 973 470 1035 μοι
483 946 570 1036 πρὸς
583 948 665 1027 Διὸς
678 945 866 1032 ἀθυμοῦντι
878 950 935 1015 καὶ
944 954 1164 1037 μεμονωμένῳ
1176 957 1248 1020 τῶν

64 1058 71 1073 ’
190 1055 452 1143 ἱβοηθησόντων
472 1052 634 1138 σύγγνωτε
655 1058 715 1138 τῆς
737 1052 867 1131 δικαίας
888 1046 999 1141 ἀργῆς·
1023 1048 1062 1118 οά
1083 1050 1146 1140 γάρ
1163 1055 1249 1142 περὶ

213 1154 314 1242 μικρά
331 1152 446 1222 καὶτὰ
463 1154 603 1237 τυχόντα
620 1153 708 1221 ἐστὶν
722 1150 740 1220 δ
753 1153 908 1235 κίνδυνος,
928 1150 1161 1242 ἀφαιρσαμέτφ
1176 1161 1248 1223 τῶν

213 1259 367 1345 συνήθων
376 1258 433 1323 καὶ
442 1257 721 1339 συνεσχολακότων
734 1280 794 1339 μοι
805 1254 1019 1344 γραμμάτων·
1037 1261 1154 1324 κίσσαν
1165 1282 1245 1342 μου,

207 1361 312 1429 λάλον
330 1354 454 1448 όρνεον,
479 1357 513 1426 ἐκ
529 1363 639 1443 μέσων
657 1355 704 1438 ὡς
720 1356 801 1437 ἐπες
819 1358 925 1425 εἰπεῖν
945 1364 1013 1426 τῶν
1032 1359 1166 1428 κόλπων
1177 1356 1249 1485 ρῖρ·

212 1463 326 1531 πάσαν
346 1459 505 1530 κίτταν’
480 1463 665 1548 ωνόμασεν·
693 1459 774 1552 ἀφεί
761 1465 848 1529 ίλετο
871 1463 908 1529 δέ
928 1486 992 1548 μου
1016 1464 1150 1589 φάσσαν
1173 1460 1251 1550 ἀμα

145 1566 350 1675 νήσσαις
374 1590 411 1633 τε
436 1567 492 1631 καὶ
517 1566 701 1654 κοσσύφοις
726 1562 992 1653 ἀπαγορεύοντος
1015 1563 1243 1691 Αριστάρχου

105 1736 111 1741 ,
145 1640 421 1756 περιέσπασε
438 1668 474 1737 δέ
490 1670 546 1735 καὶ
562 1671 727 1752 μελισσων
750 1665 808 1735 ούκ
830 1663 1000 1756 ἀλίγας·ἐ
1000 1694 1029 1736 π
1025 1664 1189 1758 Ἀττικήν
1207 1670 1245 1739 δέ

212 1761 299 1858 ἦλθε
324 1774 380 1837 καὶ
406 1769 441 1838 ἐκ
465 1776 568 1858 μέσης
589 1767 690 1858 αύτής
716 1766 903 1859 ἀνήρπασεν
925 1767 1057 1857 ἀνόμως
1074 1767 1242 1857 Ὑμησσὸν,

181 1872 208 1947 9
215 1898 366 1961 σρωντων
383 1869 475 1957 ἀμῶν
496 1878 634 1941 καὶτῶν
656 1870 764 1941 ἀλλων
786 1876 967 1959 συλλαβῶν.
1003 1872 1090 1943 ἀλλὰ
1108 1881 1145 1942 τί
1159 1878 1246 1964 λόγω
1352 1932 1353 1955 ,

82 2018 85 2022 ι
212 1974 334 2057 ταύτας
354 1979 535 2054 θεσσαλίας
550 2000 593 2059 με
611 1974 760 2059 ἐξέβαλεν
778 1971 856 2062 όλης
873 1972 1048 2045 θετταλίαν
1065 1976 1178 2060 ἀξιοῦν
1190 1981 1248 2047 λέ-
1352 1994 1353 2059 j

212 2102 290 2165 γειν,
308 2081 495 2145 καὶιπᾶσαν
513 2075 724 2145 ἀποκέκλεικέ
740 2103 799 2161 μοι
815 2076 874 2168 τήν
890 2080 1070 2149 θάλασσαν
1086 2078 1163 2148 σύδέ
1175 2087 1247 2150 τῶν
1352 2082 1353 2151 ξ

214 2179 247 2248 ἐν
263 2181 385 2268 κήποις
403 2180 602 2268 φεισάμενον
619 2184 786 2271 σευτλίων,
806 2178 853 2261 ὥς
868 2179 907 2250 τὸ
922 2180 961 2272 δή
975 2183 1149 2270 λεγόμενον
1159 2184 1246 2270 μηδέ
1352 2268 1353 2275 ρ

212 2283 388 2350 πάσσαλόν
401 2307 462 2367 μοι
474 2286 676 2351 καταλιπεῖν.
704 2278 757 2351 ότι
770 2285 807 2350 δὲ
820 2282 1008 2366 ἀνεξίκακόν
1020 2285 1089 2370 είμι
1096 2287 1243 2375 γράμμα,

213 2390 409 2472 μαρτυρεῖτέ
424 2409 485 2470 μοι
500 2387 555 2453 καί
573 2382 668 2453 αύτοί
684 2387 851 2474 μηδέποτε
869 2386 1078 2475 ἐγκαλέσαντι
1097 2394 1144 2475 τῷ
1162 2387 1246 2476 ζῆτα

214 2487 403 2574 σμάραγδον
420 2484 658 2557 ἀποσπάσαντι
674 2492 731 2556 καί
748 2496 861 2557 πᾶσαν
873 2487 1069 2611 ἀφελομένην
1080 2491 1242 2578 Σμύρνανς

212 2590 296 2678 μηδὲ
312 2596 372 2678 τῷ
378 2593 416 2672 ξύ
433 2598 548 2660 πᾶσαν
563 2592 753 2681 παραβάντι
771 2592 935 2682 συνθήκην
950 2590 1056 2660 καί
1023 2618 1084 2660 τον
1103 2617 1245 2716 συγγρω

212 2697 281 2780 φία
296 2699 363 2760 τῶν
379 2694 539 2762 τοιούτων
557 2693 662 2777 ἐχοντι
681 2696 878 2782 Θουκυδίδην
900 2696 1161 2784 σύμμαχον·τῷ
1181 2696 1245 2781 μὲν

213 2793 275 2882 γὰρ
292 2800 414 2882 γείτονί
429 2821 493 2881 μου
512 2799 560 2886 ρῶ
578 2798 753 2886 νοσήσαντι
771 2795 956 2899 συγγνώμη,
984 2801 1041 2864 καί
1056 2795 1135 2887 παρ’
1150 2793 1246 2886 αύτῷ

214 2897 413 2986 φυτεύσαντί
427 2923 491 2983 μου
509 2896 570 2979 τάς
586 2905 743 2989 μυρρίνας
760 2902 815 2966 καί
832 2892 994 2968 παίσαντί
1008 2905 1051 2986 μέ
1071 2925 1155 2969 πετε
1172 2897 1247 2969 ἀπὸ
1351 2944 1352 2967 ι

164 3023 197 3074 10
213 3001 388 3085 μελαγχολί
389 3025 428 3079 ας
375 2999 557 3068 ίέπλ
519 3027 648 3091 κορρης.
684 2998 774 3089 κάγω
759 3000 850 3087 μὲν
871 3009 1031 3071 τοιοῦτον.
1065 3002 1106 3071 τὸ
1125 3004 1243 3072 diva&

213 3106 311 3168 τοῦτο
330 3124 505 3188 σκαπωμεν
522 3101 568 3183 ὥς
586 3105 687 3193 φύσει
702 3110 813 3189 βίαιον
830 3103 984 3205 καὶπρὸς
996 3130 1039 3172 τα
1024 3102 1203 3173 λοιπά.τ
1189 3101 1245 3175 ότι

114 3250 117 3257 .
197 3196 252 3270 ’δὲ
274 3200 350 3270 οὐδὲ
370 3211 441 3273 τῶν
458 3202 564 3273 ἀλλων
587 3205 748 3330 ἀπέργων
770 3208 984 3296 γραμμάτων,
1010 3205 1101 3275 ἀλλὰ
1121 3210 1177 3275 καί
1201 3206 1247 3276 τὸ
1349 3228 1351 3237 ¹

215 3307 312 3372 δέλτα
328 3307 440 3375 καὶτὸ
457 3315 549 3399 θῆτα
564 3307 671 3375 καί
637 3334 676 3377 το
695 3310 788 3398 ζήτα,
811 3314 928 3433 μικροῦ
951 3310 1020 3378 δεῖν
1041 3310 1151 3379 πάντα
1168 3307 1245 3400 ήδί-

212 3436 292 3501 κησε
308 3410 351 3479 τὰ
369 3423 530 3493 στοιχεῖα,
558 3407 642 3478 αάτά
662 3438 722 3496 μοι
742 3412 836 3479 κάλει
855 3409 898 3478 τά
916 3408 1117 3500 ἀδικηθέντα
1137 3413 1245 3501 γράμ-

212 3539 312 3600 ματα.
340 3510 483 3594 ἀκούετε,
506 3513 676 3601 Φωνήεντα
694 3514 856 3595 δικασταί,
873 3515 1006 3600 τοῦμὲν
1020 3515 1117 3581 δέλτα
1132 3518 1245 3602 λέγον-

213 3637 285 3698 τος·
313 3614 467 3706 ἀφείλετό
493 3640 558 3701 μου
584 3614 643 3705 τὴν
669 3614 879 3700 ἐνδελέχειαν,
907 3614 1102 3700 ἐντελέχειαν
1129 3613 1246 3698 ἀξιοῦν

214 3723 373 3808 λέγεσθαι
389 3717 484 3808 παρὰ
500 3719 630 3799 πάντας
646 3716 724 3799 τοὺς
740 3719 875 3805 νόμους·
897 3725 958 3786 τοῦ
979 3719 1016 3786 δδ
1037 3724 1128 3808 θήτα
1144 3721 1246 3808 κρού-

111 3811 115 3818 ’
215 3846 308 3901 οντος
324 3824 382 3890 καί
396 3828 455 3910 τῆς
471 3822 615 3911 κεφαλῆς
634 3819 694 3902 τὰς
715 3824 829 3911 τρίχας
848 3824 1015 3902 τίλλοντος
1037 3819 1095 3890 ἐπὶ
1115 3827 1163 3910 τῷ
1185 3824 1245 3891 καλ

213 3929 274 4012 τῆς
292 3923 495 4012 κολοκύνθης
516 3922 731 4015 ἐστερῆσθαι·
757 3931 816 3994 τοῦ
839 3925 931 4013 ζήτει,
957 3922 996 3993 τὸ
1019 3925 1162 4015 συρίζων
1186 3926 1248 3990 καί

215 4027 400 4110 σαλπίζειν,
428 4023 474 4106 ιδς
490 4022 598 4115 μηκέτ’
614 4023 703 4116 αύτῷ
727 4024 844 4110 ἐξεῖναι
860 4027 944 4115 μηδέ
960 4028 1097 4118 γρύζειν.
1132 4031 1183 4108 τίς
1202 4022 1246 4094 ἂν
