2740 4648
101 242 185 300 xm
202 240 314 296 rnm’
331 239 418 295 σου
434 236 489 295 τε
505 239 563 317 Τις
580 238 758 296 ΠΡοΣΑΓ.
771 240 946 298 numa„
960 241 1032 299 1-5.
1054 229 1120 297 275

129 342 274 434 Χαίρετ’,
292 341 357 431 έγῶ
376 341 407 410 δ’
421 339 499 428 ὑμῖν
515 341 598 424 θεὸς
616 340 795 434 άμβροτος,
815 342 922 415 οόκέτι
939 348 1074 436 θνητός.

83 448 174 527 ἴδιος
192 447 229 514 δὲ
245 442 361 532 καιρός
382 442 493 526 οὐδεὶς
512 443 734 535 ἀπενενέμητο
756 452 797 537 τῇ
815 449 1012 539 προσρήσει,
1040 447 1118 519 οόδδ

83 547 135 630 ῶς
150 554 205 617 νῦν
221 539 360 633 μόνοςδ
378 546 536 631 ἑωθινὸς,
555 543 642 617 όπου
660 551 770 637 γεκαὶ
788 548 846 617 έπλ
862 557 930 618 τῶν
947 548 1117 622 ἀπαισίων

83 653 142 720 καί
160 646 413 719 ἀπευκτοτάτων
431 645 523 736 ὅμως
544 650 684 738 έχρῶντο
707 647 805 741 αότῇ,
835 648 882 732 ῶς
903 648 922 720 5
939 660 1000 721 τοῦ
1017 651 1119 743 Πάρι.

82 754 189 823 πέδου
207 754 405 840 Πολυνείκης
421 748 483 841 ἤδη
500 756 659 821 τελευτῶν
675 752 734 822 τόν
749 759 833 841 βίον,

207 857 274 923 Καὶ
287 851 422 944 χαίρετ’,
440 852 503 943 ἤδη
520 856 582 944 γάρ
599 880 642 941 με
659 856 854 945 περιβάλλει
871 857 997 936 σκότος.

83 960 150 1026 καὶ·
164 953 204 1025 οό
224 956 325 1041 μόνον
353 958 599 1047 φιλοφροσύνης
625 955 739 1038 αὐτοῖς
759 949 797 1046 ἦν
822 964 919 1026 τοῦτο
943 959 1117 1045 σύμβολον,

82 1058 245 1128 ἀλλὰκαὶ
263 1055 447 1142 ἀπεχθείας
464 1062 596 1128 καὶτοῦ
613 1065 729 1148 μηκέτι
743 1061 931 1148 χρήσεσθαι
949 1057 1117 1149 ἀλλήλοις·

82 1159 125 1230 τὸ
142 1166 219 1247 γοῦν
235 1158 346 1247 μακρὰ
360 1168 486 1250 χαίρειν
504 1163 633 1252 φράσαι
650 1161 689 1229 τὸ
703 1168 818 1248 μηκέτι
832 1175 998 1253 φροντιεῖν
1012 1164 1117 1251 δηλοῖ.

84 1270 220 1353 πρῶτος
234 1260 264 1329 δ’
277 1260 359 1330 αὐτὸ
370 1265 573 1351 Φιλιππίδης
588 1259 605 1331 5
621 1259 893 1354 ἡμεροδρομήσας
906 1269 1035 1354 λέγεται
1048 1263 1116 1332 ἀπὸ
1136 1285 1151 1333 ε

84 1370 300 1452 Μαραθῶνος
316 1360 478 1452 ἀγγέλλων
495 1365 555 1453 τὴν
572 1372 660 1452 νίκην
677 1366 784 1435 εἰπεῖν
801 1365 887 1457 πρὸς
908 1367 985 1449 τοὺς
1003 1365 1119 1454 ἀρχου-

83 1492 146 1546 τας
162 1471 370 1555 καθημένους
386 1471 442 1534 καί
460 1468 722 1556 πεφροντικότας
743 1465 829 1558 ὖπέρ
846 1476 906 1537 τοῦ
929 1473 1043 1549 τέλους
1059 1475 1118 1557 τῆς

84 1569 201 1656 μάχης,
216 1566 377 1658 “χαίρετε,
396 1567 571 1655 νικῶμεν,”-
583 1573 638 1636 καὶ
647 1577 744 1638 τοῦτο
754 1570 858 1639 εέπῶν
872 1578 1117 1640 συναποθανεῖν

85 1677 127 1761 τῇ
146 1668 279 1760 ἀγγελίᾳ
296 1674 416 1760 καὶτῷ
431 1677 556 1761 χαίρειν
571 1679 816 1741 συνεκπνεῦσαι.
844 1672 877 1741 έν
891 1673 1067 1762 ἐπιστολῆς
1082 1674 1118 1740 δὲ

86 1770 169 1862 ἀρχῇ
195 1776 307 1841 Κλέων
338 1770 356 1841 5
380 1771 554 1862 Ἀθηναῖος
584 1773 778 1862 δημαγωγὸς
808 1771 878 1842 ἀπὸ
906 1781 1118 1863 Σφακτηρίας

85 1882 220 1963 πρῶτον
234 1882 361 1966 χαίρειν
378 1874 567 1966 προόθηκεν
586 1873 870 1964 εὐαγγελιζόμενος
886 1876 945 1963 τὴν
959 1882 1047 1962 νίκην
1059 1875 1117 1962 τὴν

87 1976 215 2045 ἐκεῖθεν
236 1982 292 2045 καί
312 1977 370 2066 τὴν
390 1985 456 2046 τῶν
477 1985 697 2068 Σπαρτιατῶν
719 1973 859 2046 ἀλωσιν·
886 1981 942 2045 καὶ
969 1972 1060 2062 ὅμως
1080 2002 1117 2064 γε

85 2076 155 2166 μετ’
172 2079 291 2147 ἐκεῖνον
318 2077 337 2148 5
363 2086 480 2161 Νικίας
507 2079 575 2149 ἀπὸ
601 2082 753 2160 Σικελίας
779 2079 979 2148 ἐπιστέλλων
1010 2078 1043 2146 ἐν
1068 2085 1115 2166 τῷ

88 2179 213 2270 ἀρχαίην
239 2189 305 2250 τῶν
331 2181 515 2251 ἐπιστολῶν
541 2184 697 2267 διέμεινεν
725 2178 782 2249 ἀπ’
803 2180 911 2250 αὐτῶν
937 2179 1118 2271 ἀρξάμενος

86 2290 151 2350 τῶν
169 2284 381 2371 πραγμάτων.
418 2281 516 2353 ἀλλά
535 2283 732 2371 θαυμαστὸς
748 2284 897 2366 Πλάτων,
922 2281 1000 2373 ἀνὴρ
1024 2280 1151 2365 ἄξιά-4

86 2409 207 2464 πιστος
224 2392 408 2475 νομοθέτης
424 2394 491 2454 τῶν
508 2388 680 2469 τοιοότων,
707 2386 746 2454 τὸ
768 2388 829 2472 μέν
849 2392 975 2474 χαίρειν
992 2386 1117 2453 κελεόει

8 2556 10 2569 ¹
86 2490 142 2554 καλ
159 2488 246 2555 πάνυ
266 2485 522 2575 ἀποδοκιμάζειν
535 2486 582 2568 ῶς
595 2487 765 2577 μοχθηρὸν
779 2485 816 2556 ἀν
829 2492 885 2555 καὶ
899 2485 993 2555 οὐδέν
1008 2511 1114 2555 σπου-

9 2588 13 2623 ’
88 2589 183 2656 δαῖον
201 2588 368 2679 ἐμφαῖνον,
387 2590 425 2658 τὸ
446 2588 477 2657 δ’
494 2582 529 2658 εὖ
547 2592 705 2680 πράττειν
723 2586 789 2658 ἀντ’
805 2587 907 2657 αότοῦ
926 2589 1052 2675 εἰσάγει
1070 2586 1116 2667 ῶς

86 2689 195 2759 κοινὸν
217 2693 373 2778 στόματός
393 2718 429 2760 τε
450 2696 506 2760 καὶ
528 2699 638 2780 ψυχῆς
655 2678 692 2759 εὗ
711 2693 923 2776 διακειμένων
941 2691 1114 2776 σύμβολον,

85 2795 141 2861 καί
155 2791 353 2862 ἐπιστέλλων
364 2820 402 2883 γε
415 2801 462 2884 τηῖ
472 2802 636 2883 Διονυσίῳ
651 2790 921 2875 αἰτιᾶται-αὐτὸν,
941 2788 994 2860 ότι
1008 2796 1117 2860 ποιῶν

86 2894 122 2975 ές
142 2895 198 2964 τόν
211 2894 359 2965 Ἀπόλλω
379 2904 506 2986 χαίρειν
527 2897 585 2966 τὸν
607 2895 689 2966 θεὸν
710 2909 893 2986 προσεῖπεν
916 2891 962 2975 ῶς
984 2892 1118 2975 ἀνάξιον

86 2994 124 3066 ἀν
141 3004 200 3065 τοῦ
213 3005 345 3067 Πυθίου
362 3003 419 3068 καί
436 2998 494 3084 οόχ
513 2996 606 3081 ὅπως
617 3007 724 3082 θεοῖς,
745 2995 813 3066 ἀλλ’
826 2994 902 3066 ὀὐδ’
918 2994 1115 3084 ἀνθρώποις

86 3100 207 3181 δεξιοῖς
224 3106 363 3189 πρέπον.
399 3098 417 3169 5
439 3107 499 3186 μέν
515 3128 551 3189 γε
569 3109 754 3182 θεσπέσιος
770 3101 987 3189 Πυθαγόρας,
1012 3099 1042 3167 εἰ
1059 3099 1114 3166 καὶ
1132 3119 1147 3168 ο

83 3203 186 3290 μηδὲν
208 3196 307 3281 αάτδς
328 3202 414 3270 ἰ’διαν
434 3200 513 3289 ἡμῖν
533 3209 726 3273 καταλιπεῖν
751 3211 817 3272 τῶν
843 3199 943 3271 αδτοῦ
965 3202 1113 3290 ἠξίωσεν,

85 3299 165 3373 ὅσον
184 3298 316 3388 Ὠκέλλφ
343 3309 390 3391 τῷ
412 3311 568 3391 Λευκανῷ
594 3310 650 3371 καὶ
667 3303 802 3394 Ἀρχύτᾳ
827 3307 883 3371 καὶ
908 3315 979 3381 τοῖς
1002 3298 1115 3379 ἀλλοις

85 3403 260 3493 ὁμιληταῖς
277 3401 377 3472 αὐτοῦ
384 3410 651 3493 τεκμαίρεσθαι,
680 3403 756 3473 οὕτε
778 3405 817 3474 τὸ
833 3409 959 3490 χαίρειν
983 3398 1058 3470 οότε
1075 3399 1114 3466 τό

86 3499 122 3575 εὖ
144 3507 302 3595 πράττειν
322 3504 547 3600 προῦγραφεν,
576 3504 644 3574 ἀλλ’
661 3504 729 3575 ἀπὸ
752 3514 810 3574 τοῦ
837 3503 993 3593 δγιαίνειν
1020 3500 1116 3591 ἀρχε-

87 3616 173 3679 σθοι
190 3610 347 3679 ἐκέλευεν·
366 3605 511 3690 ἅπαντες
527 3615 604 3696 γοῦν
623 3609 656 3677 ολ
673 3607 731 3677 ἀπ’
748 3606 848 3678 αότοῦ
868 3605 1022 3694 ἀλλήλοις
1040 3604 1116 3672 έπι-

86 3717 273 3794 στέλλοντες
290 3709 395 3781 ὁπότε
408 3713 594 3781 σπουδαῖόν
606 3739 640 3780 τι
653 3713 821 3803 γράφοιεν,
840 3708 997 3799 δγιαίνειν
1014 3704 1116 3786 εόθῶς

85 3813 121 3882 έν
138 3812 219 3905 ἀρχῇ
236 3815 492 3906 παρεκελεύοντο
511 3812 558 3896 ῶς
573 3817 629 3882 καὶ
646 3812 727 3883 αὐτὸ
746 3820 836 3902 ψυχῇ
858 3838 894 3880 τε
911 3814 967 3878 καλ
984 3810 1116 3896 στόματι

86 3912 338 4006 ἁρμοδιώτατον
352 3923 409 3988 κοιλ
426 3919 571 3998 συνόλως
588 3913 721 3985 ἅπαντα
733 3914 950 4004 περιειληφὸς
962 3910 1117 4002 τάνθριό-

83 4043 153 4089 που
172 4016 301 4107 ἀγαθά,
329 4024 384 4090 καί
400 4021 439 4090 τό
457 4046 494 4110 γε
510 4024 668 4110 τριπλοῦν
686 4017 799 4099 αὐτοῖς
815 4024 984 4108 τρίγωνον,
1011 4014 1049 4084 τδ
1069 4010 1111 4083 δι’

885 4120 943 4175 18'
1133 4118 1140 4128 ⁶
