2724 4634
223 221 266 288 ’ω
553 282 564 307 ,
608 231 866 289 Λουκιευοε

222 333 296 427 ἀγει
314 360 351 406 σε
367 337 424 404 καλ
441 339 536 425 φέρει
552 339 611 425 τῆς
632 334 735 425 ῥινὸς,
763 337 879 426 φασὶν,
908 335 1021 418 ἕλκων,
1048 339 1105 406 καί
1127 337 1167 407 σὺ
1188 337 1251 431 ἀτη

222 437 313 529 αύτῷ
331 437 415 508 ἔνθα
433 433 473 507 ἀν
489 434 608 527 ἡγῆταί
623 462 689 520 σοι,
707 441 764 506 καλ
777 435 920 529 ἀλλάττῃ
934 440 1058 532 ῥᾳδίως
1071 440 1119 522 εἷς
1133 435 1200 511 ότι
1215 439 1255 512 ἀν

220 541 370 631 κελεύσῃ,
397 541 453 608 καί
475 535 561 621 ὅλως
581 546 689 630 κτῆμα
707 544 764 610 καί
784 539 906 611 παιδιά
925 548 986 612 τοῦ
1004 541 1126 633 ἔρωτος
1143 543 1185 612 σύ
1202 564 1256 631 γε·

222 646 279 712 καὶ
294 650 351 712 νῦν
367 648 415 731 τῷ
429 640 537 725 Ἰξίονι
555 640 631 712 οἶδα
647 644 773 714 καθότι
789 645 979 734 συγγνώμην
1001 640 1179 732 ἀπονέμεις
1197 643 1258 716 ἅτε
1353 694 1354 701 1

220 748 277 814 καί
295 742 394 826 αότδς
409 745 588 832 μοιχεύσας
608 747 693 816 ποτὲ
714 744 815 816 αὐτοῦ
832 745 891 837 τὴν
910 759 1061 835 γυναῖκα,
1086 743 1110 838 5
1126 771 1183 817 σοι
1198 747 1260 820 τὸν

221 853 405 935 Πειρίθουν
422 846 539 917 ἐ’τεκευ.
710 909 712 915 ,

187 966 206 1015 4
273 957 377 1015 ΖΕΥΣ.
405 947 476 1019 Ἔτι
487 948 550 1041 γὰρ
565 949 605 1020 οδ
616 956 781 1040 μέμνησαι
794 950 937 1036 ἐκείνων,
960 952 995 1021 ⁶5
1004 978 1038 1021 τι
1051 949 1115 1042 έγω
1134 951 1262 1037 ἔπαιξα

222 1053 256 1135 ές
271 1059 329 1143 γῆν
346 1053 535 1138 κατελθών,·
553 1050 638 1142 ἀτάρ
657 1051 762 1127 οἶσθα
776 1050 797 1147 ό
809 1080 870 1140 μοι
887 1056 979 1128 δοκεῖ
993 1059 1074 1143 περὶ
1089 1062 1149 1125 τοῦ
1163 1053 1261 1139 Ἰξίο-

221 1180 293 1241 νος,·
326 1156 475 1239 κολάζειν
499 1157 560 1241 μέν
584 1157 746 1281 μηδαμῶς
772 1153 871 1226 αότὸν
899 1159 985 1247 μηδὲ
1015 1155 1170 1228 ἀπωθεῖν
1195 1166 1268 1228 τού-

222 1263 427 1344 συμποσίου
451 1257 565 1327 σκαιὸν
581 1260 659 1348 γάρ·
682 1258 757 1329 ἐπεὶ
774 1261 811 1328 δὲ
828 1258 888 1352 ἐρᾷ
904 1264 960 1329 καὶ
977 1257 1023 1341 ὥς
1040 1259 1107 1351 φῂς
1124 1261 1259 1351 δακρύει

222 1357 315 1429 καί
295 1361 450 1450 ἀφόρητα
466 1361 590 1445 πάσχει
608 1399 649 1411 —-

273 1469 358 1525 ΗΡΑ.
396 1468 447 1545 Τί,
476 1453 504 1530 5
521 1468 604 1547 Ζεύς
631 1425 778 1532 δέδια
742 1490 804 1552 γαρ
822 1464 867 1553 μή
885 1491 919 1534 τι
935 1462 1123 1554 ὑβριστικὸν
1139 1469 1196 1535 καὶ
1213 1466 1257 1537 σύ

223 1566 377 1731 είπάλςΙΥΣ.
418 1663 594 1753 Ούδαμως
612 1665 681 1737 ἀλλ’
697 1671 834 1738 ε’ίδωλον
852 1668 1036 1759 έκυεφέλης
1047 1667 1260 1758 πλασάμενοι

222 1766 303 1895 ηάτῇ
326 1794 382 1838 σοι
403 1765 532 1896 όμοιρυ,
566 1769 701 1840 ἐπειδάν
723 1774 812 1861 λυθῇ
833 1770 872 1840 τὸ
896 1773 1083 1856 συμπόσιον
1108 1771 1260 1856 κάκεῖνος
1353 1760 1354 1837 s

221 1870 383 1999 ἀγρυπνῇ,
403 1869 449 1955 ὥς
464 1899 505 1943 το
490 1870 665 1953 εἰκὸς(
646 1872 715 1943 υπὸ
732 1881 791 1942 τοῦ
809 1874 945 2000 ἔρωτος,
964 1879 1196 2002 παρακαταηλί
1194 1901 1261 1945 νω-

220 2000 281 2062 μεν
307 1974 397 2065 αύτῷ
424 1980 594 2066 φέροντες·
621 1971 707 2044 ούτω
734 1974 797 2065 γὰρ
811 1966 860 2045 ἀν
880 1978 1048 2046 παύσαιτο
1075 1975 1261 2066 ἀνιώμενος
1353 2006 1354 2015 ’

222 2078 353 2168 οἰηθεὶς
369 2084 631 2168 τετυχηκέναι
591 2104 649 2166 της
667 2077 863 2164 ἐπιθυμίας.

271 2186 357 2244 ΗΡΑ.
397 2177 536 2268 Ἄπαγε,
572 2178 617 2269 μὴ
649 2176 774 2271 ω’ρασιυ
804 2182 910 2251 ἵκοιτο
940 2187 1006 2250 τῶν
1036 2178 1121 2272 ύπδρ
1158 2180 1261 2254 αάτδν
1353 2176 1354 2179 ¹

222 2281 238 2351 δ
267 2288 327 2351 ιθυ
355 2288 410 2350 ὢν.

238 2307 377 2447 πΖΕῙῌΣ.
404 2375 842 2476 Ὅμωςδπόμεινου,ἀἫρα.
868 2383 1260 2476 ἢτίγάράνκαλπάθοις

221 2485 327 2579 δεινὸν
345 2482 414 2556 ἀπὸ
432 2493 492 2556 τού
509 2488 719 2573 πλάσματος,
746 2488 778 2557 εί
793 2493 913 2579 νεφέλῃ
932 2486 1066 2573 δ’]ξίων
1084 2496 1259 2578 συνέσταις
1353 2584 1354 2589 ¹

187 2611 204 2660 ς
272 2596 357 2652 ΗΡΑ.
392 2586 508 2680 3555
525 2593 644 2681 νεφέλη
667 2589 730 2679 ἐγω
753 2587 838 2660 εἶναι
860 2593 963 2676 δόξει,
990 2591 1102 2663 καὶτὸ
1120 2592 1258 2685 αἰσχρὸν

223 2689 275 2761 ἀπ’
291 2691 349 2778 ἐμὲ
365 2699 512 2782 περίεισι
530 2693 587 2763 διὰ
603 2693 663 2784 τὴν
681 2691 872 2783 ὁμοιότητα.

272 2803 377 2860 ΖΕΥΣ.
417 2794 517 2867 Οὐδέν
541 2802 641 2865 τοῦτο
668 2798 750 2888 φῄς·
788 2793 864 2866 ούτε
887 2795 951 2886 γάρ
977 2793 999 2888 5
1024 2801 1143 2889 νεφέλη
1171 2801 1258 2868 ποτέ

213 2894 297 2987 Ἦρα
317 2896 432 2986 γένοιτ’
453 2895 493 2968 ἀν
514 2896 591 2968 ούτε
614 2896 654 2967 σὺ
680 2903 815 2990 νεφέλη·
842 2896 861 2969 5
884 2897 916 2968 δ’
932 2896 1034 2984 Ἰξίων
1053 2901 1155 2988 μόνον
1181 2902 1259 2985 έξσ-
1353 2952 1354 2955 ¹

220 3001 466 3089 πατηθήσεται.

272 3110 356 3165 ΗΡΑ.
389 3100 468 3172 Άλλ
493 3104 527 3171 οἱ
551 3105 674 3185 πάντες
700 3101 881 3193 ἀνθρωποι
908 3103 1127 3196 ἀπειρόκαλοί
1155 3107 1257 3176 εἰσιν·

222 3200 357 3293 αάχήσει
373 3205 543 3275 κατελθὼν
559 3206 642 3288 ἰ’σως
658 3210 714 3276 καὶ
732 3208 923 3298 διηγήσεται
934 3205 1044 3279 ἀπασι
1061 3212 1163 3298 λέγων
1176 3233 1257 3298 συγ·
1323 3214 1328 3223 ’
1353 3206 1354 3217 ’

91 3317 94 3325 “
220 3313 419 3397 γεγενῆσθαι
435 3304 477 3399 τῇ
486 3304 569 3399 Ἥρη
585 3311 641 3377 καὶ
658 3310 852 3402 σύλλεκτρος
870 3308 955 3381 εῖναι
970 3317 1019 3402 τῷ
1027 3313 1098 3396 Διὶ,
1116 3316 1174 3380 καί
1185 3336 1255 3381 που

219 3406 289 3494 τάχ’
305 3405 345 3479 ἀν
367 3409 443 3537 ἀρᾶν
462 3435 505 3497 με
526 3411 662 3501 φήσειεν
683 3410 800 3496 αὐτοῦ,
828 3414 862 3484 ολ
879 3415 917 3484 δὲ
937 3413 1174 3485 πιστεύσουσιν
1196 3409 1257 3484 οάκ

222 3509 391 3594 εἰδότες
364 3538 411 3594 ως
427 3516 546 3605 νεφέλη
564 3521 672 3604 συνῆν.

271 3612 375 3679 ΖΣΥΣ
415 3614 594 3701 ούκούν,”
571 3645 611 3707 ην
626 3644 662 3688 τι
676 3624 828 3688 τοιοῦτον
845 3620 938 3712 εἴπῃ,
958 3618 1041 3702 ές
1007 3645 1066 3690 τον
1079 3615 1178 3717 Αδην
1194 3618 1258 3707 έμ-

220 3715 335 3787 πεσὼν
363 3725 471 3808 τροχῷ
501 3716 622 3802 ἀθλιος
654 3723 859 3849 προσδεθεὶς
893 3725 1255 3815 συμπεριενεχθήσεται

219 3815 288 3905 μετ’
304 3815 404 3890 αύτου
389 3818 475 3892 ἀεὶ
495 3824 552 3892 καὶ
571 3824 675 3894 πόνον
692 3822 864 3896 ἀπαυστον
881 3825 948 3910 ἕξει
968 3825 1060 3917 δίκην
1081 3821 1251 3908 δίδως’
1211 3851 1253 3896 ου
1353 3920 1354 3923 ¹

219 3928 281 3991 τοῦ
303 3921 425 4012 ἔρωτος
440 3963 484 3975 -
500 3922 540 3995 ού
560 3924 623 4020 γὰρ
645 3926 751 4000 δεινὸν
772 3929 872 4000 τοῦτό
892 3954 990 4019 γε-
1006 3926 1092 4001 ἀλλὰ
1112 3935 1172 4020 τῆς
1189 3953 1254 4016 με·
1353 3956 1354 3963 “

220 4026 408 4114 γαλαυχίας.
