2752 4632
218 236 287 302 '182
531 306 535 313 ,
609 246 868 305 ΛΟΥΚΙΑΝΟΥ

220 350 365 443 ταραχάς
382 353 438 419 καλ
454 356 534 439 μίση
553 353 609 419 καὶ
622 350 802 438 ἐπιβουλὰς
814 354 869 423 καὶ
883 347 1255 440 όργδιςκοίλ.-κολακείας·
1361 386 1366 405 ·

214 457 352 538 ,τούτοις
368 452 431 544 γάρ
450 450 593 535 ἅπαντες
611 455 764 527 σύνεισιν.
800 454 845 525 ἐῶ
862 457 1046 542 πένθη-καλ
1062 453 1182 535 νόσους
1198 457 1256 527 καλ

221 559 320 651 πάθη
340 556 376 640 ἐξ
393 556 559 642 ἰσοτιμίας
581 553 705 645 δηλαδή
727 553 868 647 άρχοντα
890 553 1011 625 αύτῶν·
1044 551 1130 627 ὅπου
1154 559 1191 629 δέ
1213 555 1256 626 τὰ

220 660 346 728 τούτων
363 658 507 750 πονηρά,
534 659 729 747 λογίζεσθαι
749 657 864 748 καιρὸς
886 657 942 729 οἶα
963 658 1006 727 τὰ
1026 666 1093 729 τῶν
1111 660 1255 733 ἰδιωτῶν

172 787 203 837 19
222 759 262 830 ἐν
286 763 346 852 εἴη.
384 761 492 830 ἐθέλω
516 758 547 830 δ’
564 753 621 833 οὖν
643 787 712 845 σοι,
740 753 898 853 ὦἙρμῆ,
927 761 1047 845 εἰπεῖν,
1076 751 1169 851 ᾧτινι
1188 761 1256 830 ἐοι-
1371 816 1372 823 ,

109 899 113 907 ’
220 869 311 933 κέναι
331 889 392 950 μοι
414 865 529 947 ἐδοξαν
551 865 585 932 ολ
606 861 786 952 άνθρωποι
807 867 862 933 καλ
884 861 903 933 5
924 870 999 950 βίος
1021 861 1112 944 ἅπας
1134 860 1255 934 αύτεύν.

220 964 283 1057 ήδη
302 967 386 1035 ποτὲ
402 967 623 1056 πομφόλυγας
632 967 672 1039 ἐν
690 964 788 1039 ύδατι
805 965 938 1037 ἐθεάσω
957 963 1024 1035 ὑπὸ
1047 973 1172 1057 κρουνῷ
1190 993 1256 1037 τινι

219 1071 456 1157 καταράττοντι
482 1068 716 1155 άνιστυμέναςς
750 1068 811 1151 τὰς
836 1070 1042 1160 φυσαλλίδας
1068 1072 1166 1157 λέγω,
1194 1066 1254 1158 ἀφ’

222 1163 266 1241 ὧν
281 1179 506 1261 συναγείρεται
519 1169 538 1241 5
553 1170 675 1263 ἀφρός·
694 1171 823 1242 ἐκείνων
836 1177 945 1243 τοίνυν
962 1172 1047 1252 τινές
1062 1171 1121 1257 μὲν
1137 1175 1256 1258 μικραί

222 1276 288 1357 εἰσι
305 1279 360 1343 καὶ
379 1272 496 1343 αύτίκα
514 1277 744 1365 διαρραγεῖσαι
762 1272 968 1363 ἀπέσβησαν,
988 1274 1024 1342 αἱ
1037 1271 1069 1343 δ’
1081 1272 1139 1343 ἐπὶ
1152 1277 1255 1343 πλέον
1371 1308 1372 1345 ι

222 1379 394 1466 διαρκοῦσι
419 1381 474 1445 καὶ
500 1384 765 1467 προσχωρουσῶν
794 1374 912 1459 αύταῖς
936 1384 1002 1447 τιδν
1021 1374 1133 1447 άλλων
1155 1366 1257 1445 αὗται
1371 1398 1372 1465 3

220 1476 502 1569 ὑπερφυσώμεναι
519 1479 552 1560 ἐς
568 1486 722 1568 μέγιστον
740 1476 834 1566 όγκον
856 1481 1019 1567 αι’ρονται,
1048 1476 1120 1548 ελτα
1140 1484 1257 1565 μέντοι
1371 1538 1372 1547 ,

219 1578 365 1651 κάκεῖναι
386 1584 520 1663 πάντως
542 1581 762 1710 ἐξερράγησάν
779 1602 879 1651 ποτε·
907 1579 945 1651 ού
962 1579 1025 1672 γὰρ
1044 1581 1115 1650 ολόν
1136 1607 1173 1650 τε
1195 1579 1256 1649 άλ-
1371 1576 1372 1613 ³

221 1688 287 1763 λως
308 1690 475 1772 γενέσθαι.
514 1688 611 1754 τοῦτό
636 1684 723 1754 ἐστιν
746 1682 764 1753 5
788 1682 971 1774 ἀνθρώπου
992 1690 1082 1772 βίος
1109 1680 1256 1768 ἅπαντας

222 1782 290 1855 ὑπὸ
303 1789 491 1871 πνεύματος
505 1786 774 1877 ἐμπεφυσημένοι
787 1788 820 1855 οἱ
831 1789 891 1872 μέν
903 1788 1049 1873 μείζους,
1068 1787 1103 1854 ολ
1115 1784 1147 1854 δ
1159 1785 1256 1855 ἐλάτ-

219 1909 311 1969 τους·
342 1893 399 1957 καὶ
425 1915 458 1958 σι
448 1891 537 1976 (μέν
560 1887 824 1980 όλιγοχρόνιον”
806 1914 917 1974 εχουσι
944 1887 1048 1959 καλ’
1023 1890 1194 1978 ωκύμορον
1214 1888 1255 1957 τὸ

220 1993 372 2080 φύσημα,
394 2018 426 2059 οι
416 1988 521 2060 “¹5
499 2019 568 2078 αμα
585 1999 632 2080 τῴ
647 1999 806 2083 συστῆναι
823 1991 1025 2063 ἐπαύσαντο·
1043 1998 1130 2060 πᾶσι
1148 1989 1179 2060 δ’
1196 1981 1255 2059 σύν

221 2093 474 2183 διαρραγῆναι’
455 2108 640 2183 αναγκαῖον.

270 2213 358 2268 ΕΡΜ
395 2195 494 2266 Ούδέν
509 2210 619 2283 χεῖρον
632 2194 672 2265 σὺ
685 2202 745 2265 τού
759 2194 893 2287 Ὁμήρου
912 2197 1058 2280 ε’ύιασας,
1079 2222 1105 2264 ω
1092 2186 1252 2282 Χάρων,
1371 2262 1372 2267 ,

221 2297 258 2377 ὃς
276 2298 463 2386 φύλλοις
430 2325 469 2366 το
486 2305 578 2386 γένος
591 2297 704 2367 αύτιύν
722 2295 845 2386 όμοιοῖ.

170 2401 224 2470 20¹
271 2416 356 2471 XAP.
391 2405 458 2468 Καὶ
474 2409 622 2471 τοιοῦτοι
639 2399 742 2485 ὄντες,
761 2393 790 2479 5
805 2399 917 2492 Ερμῆ,
941 2398 1021 2491 ἐρᾷς
1039 2399 1095 2471 ola
1112 2405 1255 2469 ποιοῦσι

219 2504 275 2571 καὶ
292 2499 338 2589 ὥς
356 2506 609 2592 φιλοτιμοῦνται
626 2506 712 2594 πρὸς
730 2502 890 2593 ἀλλήλους
907 2501 1015 2590 όρχιῦν
1032 2509 1111 2594 πέρι
1127 2505 1183 2571 καὶ
1200 2530 1254 2570 τι-

217 2611 290 2692 μάν
306 2609 364 2673 καὶ
380 2607 523 2695 κτήσεων
541 2604 777 2692 ἁμιλλώμενοι,
798 2602 883 2695 άπερ
902 2603 1034 2676 ἅπαντα
1051 2604 1254 2674 καταλιπόν·
1371 2610 1372 2693 J

218 2733 278 2788 τας
301 2706 420 2790 αύτούς
444 2711 555 2798 δεήσει
579 2709 636 2777 ἕνα
659 2707 776 2795 ὀβολὸν
798 2710 929 2793 ἐχυντας
950 2706 1039 2798 ήκειν
1059 2704 1138 2796 παρ’
1154 2704 1254 2795 ἡμᾶς.
1371 2696 1372 2733 ³

217 2917 359 2999 μέγεθες
376 2919 567 3000 παραινέσω
590 2911 704 2994 αὐτοῖς
725 2911 914 2999 ἀπέχεσθαι
934 2915 993 2999 μὲν
1014 2921 1081 2984 τῶν
1102 2919 1254 3009 ματαίων

217 3016 344 3097 πόνων,
373 3016 428 3104 ζῆν
446 3018 482 3084 δὲ
501 3014 553 3084 όιελ
570 3014 627 3085 τὸν
645 3017 793 3090 θάνατον
816 3016 882 3108 πρὸ
902 3014 1090 3106 ὀφθαλμῶν
1108 3015 1250 3101 έχοντας,

216 3119 332 3203 λέγων,
362 3110 390 3185 τό
414 3120 567 3205 μάταιοι,
595 3126 629 3187 τί
655 3117 882 3189 ἐσπουδάκατε
907 3121 986 3209 περὶ
1007 3125 1127 3202 ταύτας
1162 3118 1255 3187 παύ-

219 3219 341 3288 σασθε’
355 3222 551 3306 κάμνοντες.
574 3218 610 3288 ού
637 3220 699 3312 γάρ
722 3223 828 3291 εἰσαεὶ
852 3225 1038 3309 βιώσεσθε·
1065 3218 1160 3290 οὐδέν
1185 3226 1254 3288 τῶν

219 3321 366 3390 ἐνταῦθα
384 3330 509 3409 σεμνῶν
528 3319 638 3393 ἇίδιόν
656 3322 758 3407 ἐστιν,
787 3322 859 3395 οὐδ’
875 3323 914 3392 ἐν
932 3322 1060 3413 άπάγοι
1075 3350 1127 3405 τις
1144 3318 1254 3393 αὐτῶν

217 3451 251 3493 τι
270 3424 328 3494 σύν
346 3422 435 3515 αύτῷ
455 3423 652 3509 ἀποθανὼν,
682 3424 750 3494 ἀλλ’
770 3424 891 3517 ἀνάγκη
909 3425 966 3496 τὸν
986 3427 1046 3513 μέν
1062 3423 1183 3516 γυμνὸν
1201 3425 1254 3494 σ’ί-

1208 3524 1218 3551 >

219 3626 326 3705 ἄλλων
353 3627 438 3699 εἶναι
458 3635 514 3701 καὶ
534 3632 751 3717 μεταβάλλειν
772 3630 851 3715 τοὺς
873 3633 1049 3714 δεσπότας.
1089 3631 1120 3701 εί
1145 3637 1253 3700 ταῦτα

217 3731 337 3803 καὶτὰ
360 3740 499 3802 τοιαῦτα
522 3734 558 3817 ἐξ
579 3734 722 3824 ἐπηκόου
746 3734 948 3825 ἐμβοήσαιμι
974 3730 1101 3816 αύτοῖς,
1129 3728 1189 3801 οδκ
1212 3728 1253 3801 όν

218 3836 284 3905 α’ίει
308 3837 437 3924 μεγάλα
463 3833 738 3927 ὠφεληθῆναι
704 3865 762 3909 τον
785 3843 860 3925 βίον
810 3840 935 3906 ίκαλ
963 3838 1253 3928 σωφρονεστέρους

218 3935 259 4011 ἐν
275 3945 436 4028 γενέσθαι
453 3937 547 4030 παρὰ
564 3941 670 4027 πολύς

166 4058 200 4115 21
268 4057 357 4115 EPM
388 4032 422 4110 ³9
442 4041 597 4134 μακάριε,
635 4038 694 4112 ούκ
716 4037 866 4113 ολσθα“
845 4069 938 4125 οπως
955 4039 1076 4123 αύτούς
1092 4037 1113 4132 ῆ
1132 4034 1252 4131 άγνοεα
